@article{Harman:2009,
 author = {Harman, Donna and Buckley, Chris},
 title = {Overview of the Reliable Information Access Workshop},
 journal = {Inf. Retr.},
 issue_date = {December  2009},
 volume = {12},
 number = {6},
 year = {2009},
 pages = {615--641},
 } 
 
 
 @inproceedings{Buckley:1994,
 author = {Buckley, Chris and Salton, Gerard and Allan, James},
 title = {The Effect of Adding Relevance Information in a Relevance Feedback Environment},
 booktitle = {SIGIR '94},
 COMMENTED_booktitle = {Proceedings of the 17th Annual International ACM SIGIR Conference on Research and Development in Information Retrieval},
 COMMENTED_series = {SIGIR '94},
 year = {1994},
 pages = {292--300},
 } 

@inproceedings{Warren:2004,
 author = {Warren, Robert H. and Liu, Ting},
 title = {A Review of Relevance Feedback Experiments at the 2003 Reliable Information Access (RIA) Workshop.},
 booktitle = {SIGIR '04},
 COMMENTED_booktitle = {Proceedings of the 27th Annual International ACM SIGIR Conference on Research and Development in Information Retrieval},
 COMMENTED_series = {SIGIR '04},
 year = {2004},
 pages = {570--571},
} 

@inproceedings{Terra:2005,
 author = {Terra, Egidio and Warren, Robert},
 title = {Poison Pills: Harmful Relevant Documents in Feedback},
 booktitle = {CIKM '05},
 COMMENTED_booktitle = {Proceedings of the 14th ACM International Conference on Information and Knowledge Management},
 COMMENTED_series = {CIKM '05},
 year = {2005},
 pages = {319--320}
} 

 @inproceedings{Tao:2004,
 author = {Tao, Tao and Zhai, ChengXiang},
 title = {A Two-stage Mixture Model for Pseudo Feedback},
 booktitle = {SIGIR '04},
 COMMENTED_booktitle = {Proceedings of the 27th Annual International COMMENTED_ACM SIGIR Conference on Research and Development in Information Retrieval},
 COMMENTED_series = {SIGIR '04},
 year = {2004},
 pages = {486--487},
} 


@article{Dunlop:1997,
 author = {Dunlop, Mark D.},
 title = {The Effect of Accessing Nonmatching Documents on Relevance Feedback},
 journal = {ACM Trans. Inf. Syst.},
 issue_date = {April 1997},
 volume = {15},
 number = {2},
 year = {1997},
 pages = {137--153},
} 

@article{Luhn:1958,
 author = {Luhn, H. P.},
 title = {The Automatic Creation of Literature Abstracts},
 journal = {IBM J. Res. Dev.},
 issue_date = {April 1958},
 volume = {2},
 number = {2},
 year = {1958},
 pages = {159--165},
 } 
 
 @article{Ruthven:2003,
 author = {Ruthven, Ian and Lalmas, Mounia},
 title = {A Survey on the Use of Relevance Feedback for Information Access Systems},
 journal = {Knowl. Eng. Rev.},
 issue_date = {June 2003},
 volume = {18},
 number = {2},
 year = {2003},
 pages = {95--145},
} 
@incollection{cirillo:1969,
  title={Evaluation of feedback retrieval using modified freezing, residual collection, and test and control groups},
  author={Cirillo, C and Chang, YK and Razon, J},
  booktitle={Scientific Report No. ISR-16 to the National Science Foundation},
  year={1969},
}
@inproceedings{Lafferty:2001,
 author = {Lafferty, John and Zhai, Chengxiang},
 title = {Document Language Models, Query Models, and Risk Minimization for Information Retrieval},
 booktitle = {SIGIR '01},
 COMMENTED_booktitle = {Proceedings of the 24th Annual International ACM SIGIR Conference on Research and Development in Information Retrieval},
 COMMENTED_series = {SIGIR '01},
 year = {2001},
 pages = {111--119},
} 
@inproceedings{Zhai:2001,
 author = {Zhai, Chengxiang and Lafferty, John},
 title = {A Study of Smoothing Methods for Language Models Applied to Ad Hoc Information Retrieval},
 booktitle = {SIGIR '01},
 COMMENTED_booktitle = {Proceedings of the 24th Annual International ACM SIGIR Conference on Research and Development in Information Retrieval},
 COMMENTED_series = {SIGIR '01},
 year = {2001},
 pages = {334--342},
} 

@article{Losada:2008,
 author = {Losada, David E. and Azzopardi, Leif},
 title = {An Analysis on Document Length Retrieval Trends in Language Modeling Smoothing},
 journal = {Inf. Retr.},
 issue_date = {April     2008},
 volume = {11},
 number = {2},
 year = {2008},
 pages = {109--138},
 } 
 
 @inproceedings{Zhai:SMM:2001,
 author = {Zhai, Chengxiang and Lafferty, John},
 title = {Model-based Feedback in the Language Modeling Approach to Information Retrieval},
 booktitle = {CIKM '01},
 COMMENTED_booktitle = {Proceedings of the Tenth International Conference on Information and Knowledge Management},
 COMMENTED_series = {CIKM '01},
 year = {2001},
 pages = {403--410},
} 

@inproceedings{Lavrenko:2001,
 author = {Lavrenko, Victor and Croft, W. Bruce},
 title = {Relevance Based Language Models},
 booktitle = {SIGIR '01},
 COMMENTED_booktitle = {Proceedings of the 24th Annual International ACM SIGIR Conference on Research and Development in Information Retrieval},
 COMMENTED_series = {SIGIR '01},
 year = {2001},
 pages = {120--127},
} 

@inproceedings{Tao:2006,
 author = {Tao, Tao and Zhai, ChengXiang},
 title = {Regularized Estimation of Mixture Models for Robust Pseudo-relevance Feedback},
 booktitle = {SIGIR '06},
 COMMENTED_booktitle = {Proceedings of the 29th Annual International ACM SIGIR Conference on Research and Development in Information Retrieval},
 COMMENTED_series = {SIGIR '06},
 year = {2006},
 pages = {162--169},
 } 
 

@inproceedings{Lv:2014,
 author = {Lv, Yuanhua and Zhai, ChengXiang},
 title = {Revisiting the Divergence Minimization Feedback Model},
 booktitle = {CIKM '14},
 COMMENTED_booktitle = {Proceedings of the 23rd ACM International Conference on Conference on Information and Knowledge Management},
 COMMENTED_series = {CIKM '14},
 year = {2014},
 pages = {1863--1866},
 } 
@inproceedings{Lv:2009,
 author = {Lv, Yuanhua and Zhai, ChengXiang},
 title = {A Comparative Study of Methods for Estimating Query Language Models with Pseudo Feedback},
 booktitle = {CIKM '09},
 COMMENTED_booktitle = {Proceedings of the 18th ACM Conference on Information and Knowledge Management},
 COMMENTED_series = {CIKM '09},
 year = {2009},
 pages = {1895--1898},
} 
@inproceedings{He:2009:CIKM,
 author = {He, Ben and Ounis, Iadh},
 title = {Finding Good Feedback Documents},
 booktitle = {CIKM '09},
 COMMENTED_booktitle = {Proceedings of the 18th ACM Conference on Information and Knowledge Management},
 COMMENTED_series = {CIKM '09},
 year = {2009},
 pages = {2011--2014},
} 
@inproceedings{He:2009:ECIR,
year={2009},
booktitle = {ECIR'09},
COMMENTED_booktitle={Proceedings of the European Conference on Information Retrieval },
COMMENTED_series={ECIR'09},
title={Studying Query Expansion Effectiveness},
author={He, Ben and Ounis, Iadh},
pages={611--619},
}

@article{Carpineto:2012,
 author = {Carpineto, Claudio and Romano, Giovanni},
 title = {A Survey of Automatic Query Expansion in Information Retrieval},
 journal = {ACM Comput. Surv.},
 volume = {44},
 number = {1},
 year = {2012},
 pages = {1:1--1:50},
} 
@inproceedings{Collins-Thompson:2009,
 author = {Collins-Thompson, Kevyn},
 title = {Reducing the Risk of Query Expansion via Robust Constrained Optimization},
 booktitle = {CIKM '09},
 COMMENTED_booktitle = {Proceedings of the 18th ACM Conference on Information and Knowledge Management},
 COMMENTED_series = {CIKM '09},
 year = {2009},
 pages = {837--846},
} 
@inproceedings{Macdonald:2007,
 author = {Macdonald, Craig and Ounis, Iadh},
 title = {Expertise Drift and Query Expansion in Expert Search},
 booktitle  = {CIKM '07},
 COMMENTED_booktitle = {Proceedings of the Sixteenth ACM Conference on Conference on Information and Knowledge Management},
 COMMENTED_series = {CIKM '07},
 year = {2007},
 pages = {341--350},
 numpages = {10},
 } 

@incollection{Harman:1992,
 author = {Harman, Donna},
 chapter = {Relevance Feedback and Other Query Modification Techniques},
 title = {Information Retrieval},
 editor = {Frakes, William B. and Baeza-Yates, Ricardo},
 year = {1992},
 pages = {241--263},
 publisher = {Prentice-Hall, Inc.},
 } 
 
 @article{Salton:1985,
  title={Advanced feedback methods in information retrieval},
  author={Salton, Gerard and Fox, Edward A and Voorhees, Ellen},
  journal = {JASIS},
  COMMENTED_journal={Journal of the American Society for Information Science},
  volume={36},
  number={3},
  pages={200--210},
  year={1985},
  publisher={Wiley Online Library}
}
@inbook{Rocchio:1971,
    author = {Rocchio, J.J},
    booktitle = {The Smart retrieval System—Experiments in Automatic Document Processing},
    pages = {313--323},
    posted-at = {2008-05-12 20:07:47},
    priority = {2},
    title = {Relevance Feedback in Information Retrieval},
    year = {1971},
    note = {reprinted from Scientific Report ISR-9, Computation Laboratory, Harvard University, August 1965}
}
@article{Rijsbergen:1981,
  title={The selection of good search terms},
  author={Van Rijsbergen, CJ and Harper, D and Porter, M},
  journal = {IP\&M},
  COMMENTED_journal={Information Processing and Management},
  volume={17},
  pages={77--91},
  year={1981},
}
@article {Robertson:1976,
author = {Robertson, S. E. and Jones, K. Sparck},
title = {Relevance weighting of search terms},
journal = {JASIS},
COMMENTED_journal = {Journal of the American Society for Information Science},
volume = {27},
number = {3},
COMMENTED_publisher = {Wiley Subscription Services, Inc., A Wiley Company},
pages = {129--146},
year = {1976},
}
@article{Rijsbergen:1986,
 author = {Van Rijsbergen, C J},
 title = {A New Theoretical Framework for Information Retrieval},
 journal = {SIGIR Forum},
 volume = {21},
 number = {1-2},
 year = {1986},
 pages = {23--29},
} 

@article{Minker:1972,
title = "An evaluation of query expansion by the addition of clustered terms for a document retrieval system ",
journal = "Information Storage and Retrieval",
volume = "8",
number = "6",
pages = "329 - 348",
year = "1972",
author = "Jack Minker and Gerald A. Wilson and Barbara H. Zimmerman"
}

@inproceedings{Montgomery:2004,
 author = {Montgomery, Jesse and Si, Luo and Callan, Jamie and Evans, David A.},
 title = {Effect of Varying Number of Documents in Blind Feedback: Analysis of the 2003 NRRC RIA Workshop "Bf\_Numdocs" Experiment Suite},
 booktitle = {SIGIR '04},
 COMMENTED_booktitle = {Proceedings of the 27th Annual International ACM SIGIR Conference on Research and Development in Information Retrieval},
 COMMENTED_series = {SIGIR '04},
 year = {2004},
 pages = {476--477},
 } 

@inproceedings{Gu:2004:RIA,
 author = {Gu, Zhenmei and Luo, Ming},
 title = {Comparison of Using Passages and Documents for Blind Relevance Feedback in Information Retrieval},
 booktitle = {SIGIR '04},
 COMMENTED_booktitle = {Proceedings of the 27th Annual International ACM SIGIR Conference on Research and Development in Information Retrieval},
 COMMENTED_series = {SIGIR '04},
 year = {2004},
 pages = {482--483},
 } 
 
 @inproceedings{Kaptein:2008:TREC,
author = {Rianne Kaptein and Jaap Kamps and Djoerd Hiemstra},
  title = {The Impact of Positive, Negative and Topical Relevance Feedback},
  booktitle = {TREC 2008},
  COMMENTED_booktitle = {The Seventeenth Text REtrieval Conference Proceedings (TREC 2008)},
  year = {2009},
  COMMENTED_editor = {Ellen M. Voorhees and Lori P. Buckland},
  publisher = {NIST},
 }
 
 @inproceedings{Kaptein:2008:AIR,
  author = {Rianne Kaptein and Jaap Kamps},
  title = {Improving Information Access by Relevance and Topical Feedback},
  editor = {Hideo Joho and Frank Hopfgartner and Joemon M. Jose and C. J. van Rijsbergen},
  booktitle = {Proceedings of the Second International Workshop on Adaptive Information Retrieval (AIR 2008)},
  pages = {58--63},
  year = {2008},
}

@article{Robertson:1991,
 author = {Robertson, S. E.},
 title = {On Term Selection for Query Expansion},
 journal = {J. Doc.},
 issue_date = {Dec. 1990},
 volume = {46},
 number = {4},
year = {1991},
 pages = {359--364},
} 

@inproceedings{Lynam:2004:RIA,
 author = {Lynam, Thomas R. and Buckley, Chris and Clarke, Charles L. A. and Cormack, Gordon V.},
 title = {A Multi-system Analysis of Document and Term Selection for Blind Feedback},
 booktitle = {CIKM '04},
 COMMENTED_booktitle = {Proceedings of the Thirteenth ACM International Conference on Information and Knowledge Management},
 COMMENTED_series = {CIKM '04},
 year = {2004},
 pages = {261--269},
} 

@inproceedings{Voorhees:2003:TREC,
  title={Overview of the TREC 2003 Robust Retrieval Track.},
  author={Voorhees, Ellen M},
  booktitle={TREC 2003},
  pages={69--77},
  year={2003}
}

@inproceedings{Buckley:2008:TREC,
  title={Relevance feedback track overview: TREC 2008},
  author={Buckley, Chris and Robertson, Stephen},
  year={2008},
  booktitle={TREC 2008},
}

@inproceedings{Buckley:2010:TREC,
  title={Overview of the TREC 2010 Relevance Feedback Track},
  author={Buckley, Chris and Lease, Matthew  and  Smucker Mark D.},
  year={2010},
  booktitle={TREC 2010},
}


@inproceedings{Hiemstra:2004,
 author = {Hiemstra, Djoerd and Robertson, Stephen and Zaragoza, Hugo},
 title = {Parsimonious Language Models for Information Retrieval},
 booktitle = {SIGIR '04},
 COMMENTED_booktitle = {Proceedings of the 27th Annual International ACM SIGIR Conference on Research and Development in Information Retrieval},
 COMMENTED_series = {SIGIR '04},
 year = {2004},
 pages = {178--185},
} 

@inproceedings{Billerbeck:2003,
 author = {Billerbeck, Bodo and Zobel, Justin},
 title = {When Query Expansion Fails},
 booktitle = {SIGIR '03},
 COMMENTED_booktitle = {Proceedings of the 26th Annual International ACM SIGIR Conference on Research and Development in Informaion Retrieval},
 COMMENTED_series = {SIGIR '03},
 year = {2003},
 pages = {387--388},
} 

@inproceedings{Lee:2008,
 author = {Lee, Kyung Soon and Croft, W. Bruce and Allan, James},
 title = {A Cluster-based Resampling Method for Pseudo-relevance Feedback},
 booktitle  = {SIGIR '08},
 COMMENTED_booktitle = {Proceedings of the 31st Annual International ACM SIGIR Conference on Research and Development in Information Retrieval},
 COMMENTED_series = {SIGIR '08},
 year = {2008},
 pages = {235--242},
} 

@inproceedings{Meij:2008,
 author = {Meij, Edgar and Weerkamp, Wouter and Balog, Krisztian and de Rijke, Maarten},
 title = {Parsimonious Relevance Models},
 booktitle  = {SIGIR '08},
 COMMENTED_booktitle = {Proceedings of the 31st Annual International ACM SIGIR Conference on Research and Development in Information Retrieval},
 COMMENTED_series = {SIGIR '08},
 year = {2008},
 pages = {817--818},
 } 
 
 @inproceedings{Hiemstra:2008:TREC,
  author = {Djoerd Hiemstra and Jaap Kamps and Rianne Kaptein and Rongmei LI},
  title = {Parsimonious Language Models for a Terabyte of Text},
  booktitle = {TREC 2007},
  COMMENTED_booktitle = {The Sixteenth Text REtrieval Conference Proceedings (TREC 2007)},
  year = {2008},
  COMMENTED_editor = {Ellen M. Voorhees and Lori P. Buckland},
  publisher = {NIST},
}

@inproceedings{Lv:2009:CIKM,
 author = {Lv, Yuanhua and Zhai, ChengXiang},
 title = {Adaptive Relevance Feedback in Information Retrieval},
 booktitle = {CIKM '09},
 COMMENTED_booktitle = {Proceedings of the 18th ACM Conference on Information and Knowledge Management},
 COMMENTED_series = {CIKM '09},
 year = {2009},
 pages = {255--264},
 } 

 
 @inproceedings{Collins-Thompson:2007,
 author = {Collins-Thompson, Kevyn and Callan, Jamie},
 title = {Estimation and Use of Uncertainty in Pseudo-relevance Feedback},
 booktitle = {SIGIR '07},
 COMMENTED_booktitle = {Proceedings of the 30th Annual International ACM SIGIR Conference on Research and Development in Information Retrieval},
 COMMENTED_series = {SIGIR '07},
 year = {2007},
 pages = {303--310},
 } 

@INPROCEEDINGS{robertson:1999,
  title={Okapi at TREC-7: automatic ad hoc, filtering, VLC and interactive track},
  author={Robertson, Stephen E and Walker, Steve and Beaulieu, Micheline and Willett, Peter},
pages={253--264},
  year={1999},
  publisher={NIST}
}


 @inproceedings{Dehghani:2016:CHIIR,
 author = {Dehghani, Mostafa and Azarbonyad, Hosein and Kamps, Jaap and Marx, Maarten},
 title = {Generalized Group Profiling for Content Customization},
 booktitle  = {CHIIR '16},
 COMMENTED_booktitle = {Proceedings of the 2016 ACM on Conference on Human Information Interaction and Retrieval},
 COMMENTED_series = {CHIIR '16},
 year = {2016},
 pages = {245--248},
} 

@inproceedings{Dehghani:2016:SIGIR,
 author = {Dehghani, Mostafa},
 title = {Significant Words Representations of Entities},
 booktitle  = {SIGIR '16},
 year = {2016},
 pages = {1183-1183}
} 

@inproceedings{Dehghani:2016:CLEF,
 author = {Dehghani, Mostafa and Azarbonyad, Hosein and Kamps, Jaap and Marx, Maarten},
 title = {Two-Way Parsimonious Classification Models for Evolving Hierarchies},
 booktitle  = {CLEF '16},
 COMMENTED_booktitle = {Proceedings of Conference and Labs of the Evaluation Forum},
 COMMENTED_series = {CLEF '16},
 year = {2016},
} 


@inproceedings{Dehghani:2016:ICTIR,
 author = {Dehghani, Mostafa and Azarbonyad, Hosein and Kamps, Jaap and Marx, Maarten},
 title = {On Horizontal and Vertical Separation in Hierarchical Text Classification},
 booktitle  =  {ICTIR'16},
 COMMENTED_booktitle  = {The proceedings of ACM SIGIR International Conference on the Theory of Information Retrieval (ICTIR'16)},
 year = {2016},
}

 @inproceedings{Hashemi:2015,
  title={Parsimonious User and Group Profiling in Venue Recommendation},
  author={Hashemi, Seyyed Hadi and Dehghani, Mostafa and Kamps, Jaap},
  Year = {2015},
  booktitle = {TREC 2015},
  publisher={NIST}
}


 
 @inproceedings{Dehghani:CIKM2016:long,
 author = {Dehghani, Mostafa and Azarbonyad, Hosein  and Kamps, Jaap and Hiemstra, Djoerd and Marx, Maarten},
 title = {Luhn Revisited: Significant Words Language Models},
 booktitle = {Proceedings of CIKM'16},
 year = {2016},
 }
 
 @inproceedings{Dehghani:CLEF2016,
 author = {Dehghani, Mostafa and Azarbonyad, Hosein  and Kamps, Jaap and Marx, Maarten},
 title = {Two-Way Parsimonious Classification Models for Hierarchical Texts},
 booktitle = {Proceedings of CLEF'16},
 year = {2016},
 }

 
 @inproceedings{Dehghani:CIKM2016:short,
 author = {Dehghani, Mostafa and Abnar, Samira  and Kamps, Jaap},
 title = {The Healing Power of Poison: \\ Helpful Non-relevant Documents in Feedback},
    booktitle = {Proceedings of CIKM'16},
 year = {2016},
}
 
 @inproceedings{Dehghani:ICTIR2017,
 author = {Dehghani, Mostafa and Azarbonyad, Hosein  and Kamps, Jaap and Marx, Maarten},
 title = {On Horizontal and Vertical Separation in Hierarchical Text Classification},
 booktitle = {Proceedings of ICTIR'17},
 year = {2017},
 }


@article{Bengio:2013,
author = {Y. Bengio and A. Courville and P. Vincent},
title = {Representation Learning: A Review and New Perspectives},
journal ={IEEE Transactions on Pattern Analysis and Machine Intelligence},
volume = {35},
number = {8},
year = {2013},
pages = {1798-1828},
}


 @inproceedings{He:2009,
 author = {He, Ben and Ounis, Iadh},
 title = {Studying Query Expansion Effectiveness},
 booktitle = {Proceedings of ECIR '09},
 series = {},
 year = {2009},
 pages = {611--619},
} 


@article{Hirst:2014,
  title={Text to Ideology or Text to Party Status?},
  author={Hirst, Graeme and Riabinin, Yaroslav and Graham, Jory and Boizot-Roche, Magali},
  journal={From Text to Political Positions: Text analysis across disciplines},
  volume={55},
  pages={93--15},
  year={2014},
  publisher={John Benjamins Publishing Company}
}
 
@misc{url:dilipad,
 key = "DiliPad",
 title = "Digging Into LInked PArliamentary Data",
 howpublished = {\url{http://dilipad.history.ac.uk/}},
 year = 2015,
 note = {Digging into Data Challenge}

}
 
@misc{url:politicalmashup,
 key = "PoliticalMashup",
 title = "Political Mashup Project",
 howpublished = {\url{http://politicalmashup.nl/} and \url{http://schema.politicalmashup.nl/}},
 year = 2015,
 note = {Netherlands Organization for Scientific Research}
}

@misc{url:expose,
  key = "ExPoSe",
  title = "Exploratory Political Search Project",
  howpublished = {\url{http://humanities.uva.nl/~kamps/expose/}},
  year = 2015,
 note = {Netherlands Organization for Scientific Research}
}
 
@misc{url:twfy,
 key = "TWFY",
 title = "They Work For You",
 howpublished = {\url{http://www.theyworkforyou.com/}},
 year = 2015
}

@misc{url:sgd,
  key = "SGD",
  title = "Staten Generaal Digitaal",
  howpublished = {\url{http://www.statengeneraaldigitaal.nl/}},
  year = 2015
}

@Book{deswaan73,
  author =	 {Abram de Swaan},
  title =	 {Coalition Theories and Cabinet Formations: A Study of Formal Theories of Coalition Formation Applied to Nine European Parliaments after 1918},
  publisher = {Elsevier, New York},
  year = 1973,
  volume =	 4,
  series =	 {Progress in Mathematical Social Sciences}
}

@inproceedings{Goede:2013,
  author = {de Goede, Bart and van Wees, Justin and Marx, Maarten and Reinanda, Ridho},
  booktitle = {TPDL},
  editor = {Aalberg, Trond and Papatheodorou, Christos and Dobreva, Milena and Tsakonas, Giannis and Farrugia, Charles J.},
  pages = {446-449},
  series = {Lecture Notes in Computer Science},
  title = {PoliticalMashup Ngramviewer - Tracking Who Said What and When in Parliament.},
  volume = 8092,
  year = 2013,
  COMMENTED_publisher = {Springer},
}

@inproceedings{Balahur:2009,
 author = {Balahur, Alexandra and Kozareva, Zornitsa and Montoyo, Andr{\'e}s},
 title = {Determining the Polarity and Source of Opinions Expressed in Political Debates},
booktitle = {CICLing},
 year = {2009},
  pages = {468--480},
COMMENTED_series = {CICLing '09},
 COMMENTED_booktitle = {Proceedings of the 10th International Conference on Computational Linguistics and Intelligent Text Processing},
COMMENTED_location = {Mexico City, Mexico},
COMMENTED_publisher = {Springer-Verlag},
COMMENTED_address = {Berlin, Heidelberg},
} 
@inproceedings{falco:2013,
  title={Coalition agreements and party preferences: A principal components analysis approach},
  author={Falc{\'o}-Gimeno, Albert and Vallb{\'e}, Joan-Josep},
  booktitle={EPSA 2013 Annual General Conference Paper},
  volume={754},
  year={2013},
  pages={1--30}
}
@article{Walker:2012,
 author = {Walker, Marilyn A. and Anand, Pranav and Abbott, Rob and Tree, Jean E.  Fox and Martell, Craig and King, Joseph},
 title = {That is Your Evidence?: Classifying Stance in Online Political Debate},
 journal = {Decis. Support Syst.},
 volume = {53},
 number = {4},
 month = nov,
 year = {2012},
 pages = {719--729},
COMMENTED_publisher = {Elsevier Science Publishers B. V.},
COMMENTED_address = {Amsterdam, The Netherlands, The Netherlands},
} 

@inproceedings{Weber:2013,
 author = {Weber, Ingmar and Garimella, Venkata Rama Kiran and Teka, Asmelash},
 title = {Political Hashtag Trends},
 booktitle = {ECIR},
 year = {2013},
  pages = {857--860},
COMMENTED_series = {ECIR'13},
COMMENTED_location = {Moscow, Russia},
COMMENTED_booktitle = {Proceedings of the 35th European Conference on Advances in Information Retrieval},
COMMENTED_publisher = {Springer-Verlag},
COMMENTED_address = {Berlin, Heidelberg},
} 
@inproceedings{Efron:2004,
 author = {Efron, Miles},
 title = {The Liberal Media and Right-wing Conspiracies: Using Cocitation Information to Estimate Political Orientation in Web Documents},
  booktitle = {CIKM},
 year = {2004},
  pages = {390--398},
COMMENTED_series = {CIKM '04},
 COMMENTED_booktitle = {Proceedings of the Thirteenth ACM International Conference on Information and Knowledge Management},
COMMENTED_location = {Washington, D.C., USA},
COMMENTED_publisher = {ACM},
COMMENTED_address = {New York, NY, USA},
}
@inproceedings{Pennacchiotti:2011,
 author = {Pennacchiotti, Marco and Popescu, Ana-Maria},
 title = {Democrats, Republicans and Starbucks Afficionados: User Classification in Twitter},
 booktitle = {SIGKDD},
 year = {2011},
  pages = {430--438},
COMMENTED_series = {KDD '11},
COMMENTED_booktitle = {Proceedings of the 17th ACM SIGKDD International Conference on Knowledge Discovery and Data Mining},
COMMENTED_location = {San Diego, California, USA},
COMMENTED_publisher = {ACM},
COMMENTED_address = {New York, NY, USA},
}
@inproceedings{Weber:2013,
 author = {Weber, Ingmar and Popescu, Ana-Maria and Pennacchiotti, Marco},
 title = {Data-driven Political Science},
 booktitle = {WSDM},
 year = {2013},
  pages = {777--778},
COMMENTED_series = {WSDM '13},
COMMENTED_booktitle = {Proceedings of the Sixth ACM International Conference on Web Search and Data Mining},
COMMENTED_location = {Rome, Italy},
COMMENTED_publisher = {ACM},
COMMENTED_address = {New York, NY, USA},
} 
@inproceedings{Weber:2012,
 author = {Weber, Ingmar and Garimella, Venkata Rama Kiran and Borra, Erik},
 title = {Political Search Trends},
 booktitle = {SIGIR},
 year = {2012},
  pages = {1012--1012},
COMMENTED_series = {SIGIR '12},
COMMENTED_booktitle = {Proceedings of the 35th International ACM SIGIR Conference on Research and Development in Information Retrieval},
COMMENTED_location = {Portland, Oregon, USA},
COMMENTED_publisher = {ACM},
COMMENTED_address = {New York, NY, USA},
} 
@article{Slapin:2008,
 author = {Slapin, Jonathan B. and Proksch, Sven-Oliver},
 title = {A Scaling Model for Estimating Time-Series Party Positions from Texts},
 journal = {American Journal of Political Science},
 volume = {52},
 number = {3},
 year = {2008},
 pages = {705--722},
COMMENTED_publisher = {Midwest Political Science Association},
}
 
@article{Klebanov:2008,
author = {Klebanov, Beata Beigman and Diermeier, Daniel and Beigman, Eyal},
title = {Automatic Annotation of Semantic Fields for Political Science Research},
journal = {Journal of Information Technology \& Politics},
volume = {5},
number = {1},
pages = {95-120},
year = {2008},
}

@inproceedings{Fang:2012,
 author = {Fang, Yi and Si, Luo and Somasundaram, Naveen and Yu, Zhengtao},
 title = {Mining Contrastive Opinions on Political Texts Using Cross-perspective Topic Model},
 booktitle = {WSDM},
 year = {2012},
  pages = {63--72},
COMMENTED_series = {WSDM '12},
 COMMENTED_booktitle = {Proceedings of the Fifth ACM International Conference on Web Search and Data Mining},
COMMENTED_location = {Seattle, Washington, USA},
COMMENTED_publisher = {ACM},
COMMENTED_address = {New York, NY, USA},
}

@inproceedings{Carvalho:2011,
 author = {Carvalho, Paula and Sarmento, Lu\'{\i}s and Teixeira, Jorge and Silva, M\'{a}rio J.},
 title = {Liars and Saviors in a Sentiment Annotated Corpus of Comments to Political Debates},
 booktitle = {HLT},
 year = {2011},
  pages = {564--568},
COMMENTED_series = {HLT '11},
COMMENTED_booktitle = {Proceedings of the 49th Annual Meeting of the Association for Computational Linguistics: Human Language Technologies: Short Papers - Volume 2},
COMMENTED_location = {Portland, Oregon},
COMMENTED_publisher = {Association for Computational Linguistics},
COMMENTED_address = {Stroudsburg, PA, USA},
}
@inproceedings{Yano:2009,
 author = {Yano, Tae and Cohen, William W. and Smith, Noah A.},
 title = {Predicting Response to Political Blog Posts with Topic Models},
 booktitle = {NAACL},
 year = {2009},
  pages = {477--485},
COMMENTED_series = {NAACL '09},
 COMMENTED_booktitle = {Proceedings of Human Language Technologies: The 2009 Annual Conference of the North American Chapter of the Association for Computational Linguistics},
COMMENTED_location = {Boulder, Colorado},
COMMENTED_address = {Stroudsburg, PA, USA},
} 


@inproceedings{Hirst:2010:2,
 author={Hirst, Graeme and Riabinin, Yaroslav and Graham, Jory and Boizot-Roche, Magali},
 title = {Text to Ideology or Text to Party Status?},
 booktitle = {T2PP},
 year = {2010},
 pages = {1--13},
COMMENTED_series = {T2PP},
COMMENTED_booktitle = {Proceedings of the From Text to Political Positions Workshop},
COMMENTED_location = {Amsterdam, Netherlands}
}

@inproceedings{Hirst:2010:1,
 author={Hirst, Graeme and Riabinin, Yaroslav and Graham, Jory and Boizot-Roche, Magali},
 title = {Party status as a confound in the automatic classification of political speech by ideology},
 booktitle = {JADT},
 year = {2010},
 pages = {722--742},
COMMENTED_series = {JADT'10},
 COMMENTED_booktitle = {Proceedings of 10th International Conference  on Statistical Analysis of Textual Data},
}

@inproceedings{Kaptein:2009,
 author = {Kaptein, Rianne and Marx, Maarten and Kamps, Jaap},
 title = {Who Said What to Whom?: Capturing the Structure of Debates},
 booktitle = {SIGIR},
 year = {2009},
  pages = {831--832},
COMMENTED_series = {SIGIR '09},
COMMENTED_booktitle = {Proceedings of the 32Nd International ACM SIGIR Conference on Research and Development in Information Retrieval},
COMMENTED_location = {Boston, MA, USA},
COMMENTED_publisher = {ACM},
COMMENTED_address = {New York, NY, USA},
}
@article{marx:2010,
  title={DutchParl 1.0 A Corpus of Parliamentary Documents in Dutch},
  author={Marx, Maarten and Schuth, Anne},
  year={2010},
booktitle = {DIR},
 pages = {82--83},
COMMENTED_booktitle = {Proceedings of the 10th Dutch-Belgian Information Retrieval Workshop},
}
@article{Kaptein:2010,
 author = {Kaptein, Rianne and Marx, Maarten},
 title = {Focused Retrieval and Result Aggregation with Political Data},
 journal = {Inf. Retr.},
 volume = {13},
 number = {5},
 month = oct,
 year = {2010},
 pages = {412--433},
COMMENTED_publisher = {Kluwer Academic Publishers},
COMMENTED_address = {Hingham, MA, USA},
}
@article{yu:2008,
  title={Classifying party affiliation from political speech},
  author={Yu, Bei and Kaufmann, Stefan and Diermeier, Daniel},
  journal={Journal of Information Technology \& Politics},
  volume={5},
  number={1},
  pages={33--48},
  year={2008},
COMMENTED_publisher={Taylor \& Francis}
}
@incollection{Meguebli:2014,
  title={Unsupervised approach for identifying users’ political orientations},
  author={Meguebli, Youssef and Kacimi, Mouna and Doan, Bich-Li{\^e}n and Popineau, Fabrice},
  booktitle={ECIR},
  pages={507--512},
  year={2014},
COMMENTED_publisher={Springer}
}
@article{grimmer:2013,
  title={Text as data: The promise and pitfalls of automatic content analysis methods for political texts},
  author={Grimmer, Justin and Stewart, Brandon M},
  journal={Political Analysis},
  pages={1-31},
  year={2013},
COMMENTED_publisher={SPM-PMSAPSA}
}

@inproceedings{Ha-Thuc:2011,
 author = {Ha-Thuc, Viet and Renders, Jean-Michel},
 title = {Large-scale Hierarchical Text Classification Without Labelled Data},
  booktitle = {WSDM},
 year = {2011},
 location = {Hong Kong, China},
 pages = {685--694},
 numpages = {10},
COMMENTED_series = {WSDM '11},
COMMENTED_booktitle = {Proceedings of the Fourth ACM International Conference on Web Search and Data Mining},
COMMENTED_publisher = {ACM},
COMMENTED_address = {New York, NY, USA},
}
 
 @inproceedings{McCallum:1998,
 author = {McCallum, Andrew and Rosenfeld, Ronald and Mitchell, Tom M. and Ng, Andrew Y.},
 title = {Improving Text Classification by Shrinkage in a Hierarchy of Classes},
 booktitle = {ICML},
 year = {1998},
 pages = {359--367},
COMMENTED_series = {ICML '98},
COMMENTED_booktitle = {Proceedings of the Fifteenth International Conference on Machine Learning},
COMMENTED_publisher = {Morgan Kaufmann Publishers Inc.},
COMMENTED_address = {San Francisco, CA, USA},
} 

@inproceedings{Oh:2011,
 author = {Oh, Heung-Seon and Choi, Yoonjung and Myaeng, Sung-Hyon},
 title = {Text Classification for a Large-scale Taxonomy Using Dynamically Mixed Local and Global Models for a Node},
 booktitle = {ECIR},
 year = {2011},
 pages = {7--18},
COMMENTED_series = {ECIR'11},
 COMMENTED_booktitle = {Proceedings of the 33rd European Conference on Advances in Information Retrieval},
 COMMENTED_location = {Dublin, Ireland},
COMMENTED_address = {Berlin, Heidelberg},
}

@inproceedings{Song:2014,
    author = {Song, Yangqiu and Roth, Dan},
    title = {On Dataless Hierarchical Text Classification},
    booktitle = {AAAI},
    pages= {1579--1585},
    year = {2014},
}
@inproceedings{Gopal:2013,
 author = {Gopal, Siddharth and Yang, Yiming},
 title = {Recursive Regularization for Large-scale Classification with Hierarchical and Graphical Dependencies},
 booktitle = {SIGKDD},
 year = {2013},
 pages = {257--265},
COMMENTED_series = {KDD '13},
COMMENTED_booktitle = {Proceedings of the 19th ACM SIGKDD International Conference on Knowledge Discovery and Data Mining},
COMMENTED_location = {Chicago, Illinois, USA},
COMMENTED_publisher = {ACM},
COMMENTED_address = {New York, NY, USA},
} 
@inproceedings{Zhou:2011,
 author = {Zhou, Dengyong and Xiao, Lin and Wu, Mingrui},
 title = {Hierarchical Classification via Orthogonal Transfer},
 booktitle = {ICML},
 year = {2011},
 pages = {801--808},
COMMENTED_series = {ICML '11},
COMMENTED_booktitle = {Proceedings of the 2bNd International Conference on Machine Learning},
COMMENTED_location = {Bellevue, WA, USA},
COMMENTED_publisher = {ACM},
COMMENTED_address = {New York, NY, USA},
}
@article{Diermeier:2011,
 author = {Diermeier, Daniel and Godbout, Jean-François and Yu, Bei and Kaufmann, Stefan},
 title = {Language and Ideology in Congress},
 journal = {British Journal of Political Science},
 volume = {42},
 number = {1},
 year = {2012},
 pages = {31--55},
COMMENTED_publisher = {Midwest Political Science Association},
 }
 @inproceedings{Kaptein:2010,
 author = {Kaptein, Rianne and Hiemstra, Djoerd and Kamps, Jaap},
 title = {How Different Are Language Models Andword Clouds?},
 booktitle = {ECIR},
 year = {2010},
 pages = {556--568},
COMMENTED_series = {ECIR'2010},
COMMENTED_booktitle = {Proceedings of the 32Nd European Conference on Advances in Information Retrieval},
COMMENTED_location = {Milton Keynes, UK},
COMMENTED_publisher = {Springer-Verlag},
COMMENTED_address = {Berlin, Heidelberg},
} 

@article{Zavitsanos:2011,
author = {Zavitsanos, Elias and Paliouras, Georgios and Vouros, George A.},
title = {Non-Parametric Estimation of Topic Hierarchies from Texts with Hierarchical Dirichlet Processes},
journal = {J. Mach. Learn. Res.},
volume = {12},
year = {2011},
pages = {2749--2775},
}


@inproceedings{Kim:2013,
title={A variational approximation for topic modeling of hierarchical corpora},
author={Kim, Do-kyum and Voelker, Geoffrey and Saul, Lawrence K},
booktitle={ICML},
pages={55--63},
year={2013},
COMMENTED_booktitle={Proceedings of the 30th International Conference on Machine Learning (ICML-13)},
}

@inproceedings{Ma:2015,
title={The Hybrid Nested/Hierarchical Dirichlet Process and its Application to Topic Modeling with Word Differentiation},
author={Tengfei Ma, Issei Sato, Hiroshi Nakagawa},
intype = {to appear in},
year={2015},
booktitle={2015},
COMMENTED_booktitle={Proceedings of the Twenty-Ninth AAAI Conference on Artificial Intelligence},
}

@article{Sebastiani:2002,
 author = {Sebastiani, Fabrizio},
 title = {Machine Learning in Automated Text Categorization},
 journal = {ACM Comput. Surv.},
 issue_date = {March 2002},
 volume = {34},
 number = {1},
 month = mar,
 year = {2002},
 pages = {1--47},
 COMMENTED_publisher = {ACM},
 COMMENTED_address = {New York, NY, USA},
 }

@inproceedings{Sun:2001, 
author={Aixin Sun and Ee-Peng Lim}, 
booktitle={ICDM}, 
title={Hierarchical text classification and evaluation},
year={2001}, 
pages={521-528}, 
}

@article{Teh:2006,
    author = {Yee Whye Teh and Michael I. Jordan and Matthew J. Beal and David M. Blei},
    title = {Hierarchical Dirichlet processes},
    journal = {Journal of the American Statistical Association},
    year = {2006},
    volume = {101},
    number = {476},
    pages={1566-1581},
}

@inproceedings{Wang:2006,
 author = {Wang, Xuerui and McCallum, Andrew},
 title = {Topics over Time: A non-Markov Continuous-time Model of Topical Trends},
 booktitle = {SIGKDD},
 year = {2006},
 pages = {424--433},
COMMENTED_series = {KDD '06},
COMMENTED_location = {Philadelphia, PA, USA},
COMMENTED_publisher = {ACM},
COMMENTED_address = {New York, NY, USA},
COMMENTED_booktitle = {Proceedings of the 12th ACM SIGKDD International Conference on Knowledge Discovery and Data Mining},
} 

@inproceedings{Yao:2009,
 author = {Yao, Limin and Mimno, David and McCallum, Andrew},
 title = {Efficient Methods for Topic Model Inference on Streaming Document Collections},
  booktitle = {SIGKDD},
 year = {2009},
 pages = {937--946},
COMMENTED_series = {KDD '09},
COMMENTED_location = {Paris, France},
COMMENTED_publisher = {ACM},
COMMENTED_address = {New York, NY, USA},
COMMENTED_booktitle = {Proceedings of the 15th ACM SIGKDD International Conference on Knowledge Discovery and Data Mining},
} 

@inproceedings{Blei:2006,
 author = {Blei, David M. and Lafferty, John D.},
 title = {Dynamic Topic Models},
 booktitle = {ICML},
 year = {2006},
 pages = {113--120},
 numpages = {8},
COMMENTED_series = {ICML '06},
COMMENTED_location = {Pittsburgh, Pennsylvania, USA},
COMMENTED_publisher = {ACM},
COMMENTED_address = {New York, NY, USA},
COMMENTED_booktitle = {Proceedings of the 23rd International Conference on Machine Learning},
 
} 

@inproceedings{Wei:2007,
 author = {Wei, Xing and Sun, Jimeng and Wang, Xuerui},
 title = {Dynamic Mixture Models for Multiple Time Series},
 booktitle = {IJCAI},
 year = {2007},
 pages = {2909--2914},
 numpages = {6},
COMMENTED_series = {IJCAI'07},
COMMENTED_location = {Hyderabad, India},
COMMENTED_booktitle = {Proceedings of the 20th International Joint Conference on Artifical Intelligence},
COMMENTED_publisher = {Morgan Kaufmann Publishers Inc.},
COMMENTED_address = {San Francisco, CA, USA},
}

@inproceedings{Arampatzis:2001,
 author = {Arampatzis, Avi and van Hameran, Andr{\'e}},
 title = {The Score-distributional Threshold Optimization for Adaptive Binary Classification Tasks},
 booktitle = {SIGIR '01},
 year = {2001},
 location = {New Orleans, Louisiana, USA},
 pages = {285--293},
COMMENTED_series = {SIGIR '01},
 COMMENTED_booktitle = {Proceedings of the 24th Annual International ACM SIGIR Conference on Research and Development in Information Retrieval},
 COMMENTED_publisher = {ACM},
 COMMENTED_address = {New York, NY, USA},
}

@inproceedings{Lewis:1995,
 author = {Lewis, David D.},
 title = {Evaluating and Optimizing Autonomous Text Classification Systems},
 booktitle = {SIGIR '95},
 year = {1995},
 pages = {246--254},
COMMENTED_series = {SIGIR '95},
 COMMENTED_booktitle = {Proceedings of the 18th Annual International ACM SIGIR Conference on Research and Development in Information Retrieval},
COMMENTED_publisher = {ACM},
COMMENTED_address = {New York, NY, USA},
}

@inproceedings{Arampatzis:2009,
 author = {Arampatzis, Avi and Kamps, Jaap and Robertson, Stephen},
 title = {Where to Stop Reading a Ranked List?: Threshold Optimization Using Truncated Score Distributions},
 booktitle = {SIGIR '09},
 year = {2009},
 location = {Boston, MA, USA},
 pages = {524--531},
COMMENTED_series = {SIGIR '09},
 COMMENTED_booktitle = {Proceedings of the 32Nd International ACM SIGIR Conference on Research and Development in Information Retrieval},
COMMENTED_publisher = {ACM},
COMMENTED_address = {New York, NY, USA},
} 

@inproceedings{Kanoulas:2009,
booktitle = {ICTIR'09},
year={2009},
volume={5766},
title={Modeling the Score Distributions of Relevant and Non-relevant Documents},
publisher={Springer Berlin Heidelberg},
author={Kanoulas, Evangelos and Pavlu, Virgil and Dai, Keshi and Aslam, JavedA.},
pages={152-163},
COMMENTED_series={Lecture Notes in Computer Science},
COMMENTED_editor={Azzopardi, Leif and Kazai, Gabriella and Robertson, Stephen and Rüger, Stefan and Shokouhi, Milad and Song, Dawei and Yilmaz, Emine},
COMMENTED_booktitle={2nd International Conference on the Theory of Information Retrieval},
}

@article{Robertson:1977,
author = {S.E. Robertson},
title = {The probability ranking principle in IR},
journal = {Journal of Documentation},
volume = {33},
number = {4},
pages = {294-304},
year = {1977},
}

@article{Crestani:1998,
 author = {Crestani, Fabio and Lalmas, Mounia and Van Rijsbergen, Cornelis J. and Campbell, Iain},
 title = {``Is This Document Relevant?... Probably...'': A Survey of Probabilistic Models in Information Retrieval},
 journal = {ACM Comput. Surv.},
 volume = {30},
 number = {4},
 month = dec,
 year = {1998},
 pages = {528--552},
COMMENTED_publisher = {ACM},
COMMENTED_address = {New York, NY, USA},
}

@Other {Karen:2003,
author       = {Karen Sparck Jones and Stephen Robertson and Djoerd Hiemstra and Hugo Zaragoza},
booktitle    = {Language Modelling for Information Retrieval},
month        = {January},
pages        = {57–71},
publisher    = {Kluwer},
title        = {Language modelling and relevance},
year         = {2003},
}

@inproceedings{Stein:1956,
  title={Inadmissibility of the usual estimator for the mean of a multivariate normal distribution},
  author={Stein, Charles},
  booktitle={Proceedings of the Third Berkeley symposium on mathematical statistics and probability},
  volume={1},
  number={399},
  pages={197--206},
  year={1956}
}


@phdthesis{Lewis:1992,
 author = {Lewis, David Dolan},
 title = {Representation and Learning in Information Retrieval},
 year = {1992},
 publisher = {University of Massachusetts},
 address = {Amherst, MA, USA},
}

@inproceedings{Rendell:1988,
  title={Learning Hard Concepts.},
  author={Rendell, Larry A},
  booktitle={EWSL},
  pages={177--200},
  year={1988}
}

@article{Burges:1998,
  title={A tutorial on support vector machines for pattern recognition},
  author={Burges, Christopher JC},
  journal={Data mining and knowledge discovery},
  volume={2},
  number={2},
  pages={121--167},
  year={1998},
COMMENTED_publisher={Springer}
}


@article{saracevic:1975,
  title={Relevance: A review of the literature and a framework for thinking on the notion in information science},
  author={Saracevic, Tefko},
  journal={JASIST},
  volume={26},
  pages={321--343},
  year={1975}
  }
  
  
@incollection{Sparck:2003,
year={2003},
booktitle={Language Modeling for Information Retrieval},
COMMENTED_editor={Croft, W.Bruce and Lafferty, John},
title={Language modeling and relevance},
author={Sparck Jones, Karen and Robertson, Stephen, Hiemstra, Djoerd and Zaragoza Hugo},
pages={57-71},
}

@inproceedings{Xue:2008,
 author = {Xue, Gui-Rong and Xing, Dikan and Yang, Qiang and Yu, Yong},
 title = {Deep Classification in Large-scale Text Hierarchies},
 booktitle = {SIGIR},
 year = {2008},
 pages = {619--626},
COMMENTED_booktitle = {Proceedings of the 31st Annual International ACM SIGIR Conference on Research and Development in Information Retrieval},
COMMENTED_series = {SIGIR '08},
COMMENTED_location = {Singapore, Singapore},
COMMENTED_publisher = {ACM},
COMMENTED_address = {New York, NY, USA},
} 

@inproceedings{Egozi:2008,
 author = {Egozi, Ofer and Gabrilovich, Evgeniy and Markovitch, Shaul},
 title = {Concept-based Feature Generation and Selection for Information Retrieval},
 booktitle = {AAAI'08},
 year = {2008},
 pages = {1132--1137},
 COMMENTED_booktitle = {Proceedings of the 23rd National Conference on Artificial Intelligence - Volume 2},
 COMMENTED_series = {AAAI'08},
 COMMENTED_location = {Chicago, Illinois},
 COMMENTED_publisher = {AAAI Press},
} 

@incollection{SIGIR-Workshop-2010,
  title = {Feature Generation and Selection for Information Retrieval},
  note = {Workshop of SIGIR, 2010},
}

@incollection{Chen:2011,
title = {Co-Training for Domain Adaptation},
author = {Minmin Chen and Weinberger, Kilian Q and John Blitzer},
booktitle = {NIPS '24},
COMMENTED_booktitle = {Advances in Neural Information Processing Systems 24},
pages = {2456--2464},
year = {2011},
}

@article{Forman:2003,
 author = {Forman, George},
 title = {An Extensive Empirical Study of Feature Selection Metrics for Text Classification},
 journal = {J. Mach. Learn. Res.},
 issue_date = {3/1/2003},
 volume = {3},
 year = {2003},
 pages = {1289--1305},
 } 


@TechReport {brank:2002,
author       = {Brank, Janez and Grobelnik, Marko and Milic-Frayling, Natasa and Mladenic, Dunja},
institution  = {Microsoft Research},
number       = {MSR-TR-2002-63},
title        = {Feature Selection Using Linear Support Vector Machines},
year         = {2002},
}

@inproceedings{Xue:2008:plsa,
 author = {Xue, Gui-Rong and Dai, Wenyuan and Yang, Qiang and Yu, Yong},
 title = {Topic-bridged PLSA for Cross-domain Text Classification},
 booktitle = {SIGIR '08},
 COMMENTED_COMMENTED_booktitle = {Proceedings of the 31st Annual International ACM SIGIR Conference on Research and Development in Information Retrieval},
 COMMENTED_series = {SIGIR '08},
 year = {2008},
 pages = {627--634},
 COMMENTED_address = {New York, NY, USA},
 } 



@inproceedings{sigurbjornsson:2004,
  title={An element-based approach to XML retrieval},
  author={Sigurbj{\"o}rnsson, B{\"o}rkur and Kamps, Jaap and de Rijke, Maarten},
  booktitle={INEX},
  COMMENTED_booktitle = {Proceedings of the International Workshop of the Initiative for the Evaluation of XML Retrieval},
  pages = {19--26},
  year = {2004},
}

@inproceedings{ogilvie:2004,
  title={Hierarchical language models for XML component retrieval},
  author={Ogilvie, Paul and Callan, Jamie},
  booktitle={INEX},
  COMMENTED_booktitle={International Workshop of the Initiative for the Evaluation of XML Retrieval},
  pages={224--237},
  year={2004},
}

@article{Dehghani2016:trec,
  title={Significant words language models for contextual suggestion},
  author={Dehghani, Mostafa and Azarbonyad, Hosein and Kamps, Jaap and Marx, Maarten},
  journal={Proceedings National Institute for Standards and Technology. NIST Special Publication: SP},
  volume={500},
  pages={321},
  year={2016}
}

@book{Ballard:2015,
 author = {Ballard, Dana H.},
 title = {Brain Computation As Hierarchical Abstraction},
 year = {2015},
 isbn = {0262028611, 9780262028615},
 publisher = {The MIT Press},
}

@article{goodwin2005reasoning,
  title={Reasoning about relations.},
  author={Goodwin, Geoffrey P and Johnson-Laird, PN},
  journal={Psychological review},
  volume={112},
  number={2},
  pages={468},
  year={2005},
  publisher={American Psychological Association}
}

@article{battaglia2018relational,
  title={Relational inductive biases, deep learning, and graph networks},
  author={Battaglia, Peter W and Hamrick, Jessica B and Bapst, Victor and Sanchez-Gonzalez, Alvaro and Zambaldi, Vinicius and Malinowski, Mateusz and Tacchetti, Andrea and Raposo, David and Santoro, Adam and Faulkner, Ryan and others},
  journal={arXiv preprint arXiv:1806.01261},
  year={2018}
}

@article{botvinick2008hierarchical,
  title={Hierarchical models of behavior and prefrontal function},
  author={Botvinick, Matthew M},
  journal={Trends in cognitive sciences},
  volume={12},
  number={5},
  pages={201},
  year={2008},
  publisher={NIH Public Access}
}

@article{tenenbaum2011grow,
  title={How to grow a mind: Statistics, structure, and abstraction},
  author={Tenenbaum, Joshua B and Kemp, Charles and Griffiths, Thomas L and Goodman, Noah D},
  journal={science},
  volume={331},
  number={6022},
  pages={1279--1285},
  year={2011},
  publisher={American Association for the Advancement of Science}
}

@article{gentner1997structure,
  title={Structure mapping in analogy and similarity.},
  author={Gentner, Dedre and Markman, Arthur B},
  journal={American psychologist},
  volume={52},
  number={1},
  pages={45},
  year={1997},
  publisher={American Psychological Association}
}

@article{cho2018blockchain,
  title={Blockchain and human episodic memory},
  author={Cho, Seong Hah and Cushing, Cody A and Patel, Kunal and Kothari, Alok and Lan, Rongjian and Michel, Matthias and Lau, Hakwan},
  journal={arXiv preprint arXiv:1811.02881},
  year={2018}
}

@inproceedings{Hu:2014,
  title={Deep modeling of group preferences for group-based recommendation},
  author={Hu, Liang and Cao, Jian and Xu, Guandong and Cao, Longbing and Gu, Zhiping and Cao, Wei},
  OPTbooktitle={Twenty-Eighth AAAI Conference on Artificial Intelligence},
  booktitle={AAAI},
  year={2014}
}

@article{Tang:2011,
 author = {Tang, Lei and Wang, Xufei and Liu, Huan},
 title = {Group Profiling for Understanding Social Structures},
 OPTjournal = {ACM Trans. Intell. Syst. Technol.},
 journal = {TOIS},
 volume = {3},
 number = {1},
 OPTmonth = oct,
 year = {2011},
 pages = {15:1--15:25},
 articleno = {15},
COMMENTED_address = {New York, NY, USA},
} 

@inproceedings{Shang:2014,
 author = {Shang, Shang and Hui, Yuk and Hui, Pan and Cuff, Paul and Kulkarni, Sanjeev},
 title = {Beyond Personalization and Anonymity: Towards a Group-based Recommender System},
 OPTbooktitle = {Proceedings of the 29th Annual ACM Symposium on Applied Computing},
 booktitle = {SAC},
 OPTseries = {SAC '14},
 year = {2014},
 pages = {266--273},
COMMENTED_location = {Gyeongju, Republic of Korea},
COMMENTED_publisher = {ACM},
COMMENTED_address = {New York, NY, USA},
 }
 
 @article{Amer-Yahia,
 author = {Amer-Yahia, Sihem and Roy, Senjuti Basu and Chawlat, Ashish and Das, Gautam and Yu, Cong},
 title = {Group Recommendation: Semantics and Efficiency},
 OPTjournal = {Proc. VLDB Endow.},
 journal = {VLDB},
 volume = {2},
 OPTnumber = {1},
 OPTmonth = aug,
 year = {2009},
 OPTissn = {2150-8097},
 pages = {754--765},
COMMENTED_publisher = {VLDB Endowment},
} 

@incollection{Jameson:2007,
 author = {Jameson, Anthony and Smyth, Barry},
 chapter = {Recommendation to Groups},
 title = {The Adaptive Web},
 editor = {Brusilovsky, Peter and Kobsa, Alfred and Nejdl, Wolfgang},
 year = {2007},
 pages = {596--627},
COMMENTED_publisher = {Springer-Verlag},
COMMENTED_address = {Berlin, Heidelberg},
} 

@article{Yu:2006,
 author = {Yu, Zhiwen and Zhou, Xingshe and Hao, Yanbin and Gu, Jianhua},
 title = {TV Program Recommendation for Multiple Viewers Based on User Profile Merging},
 journal = {User Modeling and User-Adapted Interaction},
 volume = {16},
 number = {1},
 year = {2006},
 pages = {63--82},
COMMENTED_publisher = {Kluwer Academic Publishers},
COMMENTED_address = {Hingham, MA, USA},
 } 
 @article{Ardissono:2003,
  title={Intrigue: personalized recommendation of tourist attractions for desktop and hand held devices},
  author={Ardissono, Liliana and Goy, Anna and Petrone, Giovanna and Segnan, Marino and Torasso, Pietro},
  journal={Applied Artificial Intelligence},
  volume={17},
  number={8-9},
  pages={687--714},
  year={2003},
 COMMENTED_publisher={Taylor \& Francis}
}

@inproceedings{Senot:2011,
 author = {Senot, Christophe and Kostadinov, Dimitre and Bouzid, Makram and Picault, J{\'e}r\^{o}me and Aghasaryan, Armen},
 title = {Evaluation of Group Profiling Strategies},
 OPTbooktitle = {Proceedings of the Twenty-Second International Joint Conference on Artificial Intelligence - Volume Volume Three},
 booktitle = {IJCAI},
 OPTseries = {IJCAI'11},
 year = {2011},
 pages = {2728--2733},
COMMENTED_location = {Barcelona, Catalonia, Spain},
COMMENTED_publisher = {AAAI Press},
} 

@inproceedings{Custers:2003,
  title={Effects of unreliable group profiling by means of data mining},
  author={Custers, Bart},
  booktitle={Discovery Science},
  pages={291--296},
  year={2003},
COMMENTED_organization={Springer}
}

@incollection{Masthoff:2011,
year={2011},
booktitle={Recommender Systems Handbook},
editor={Ricci, Francesco and Rokach, Lior and Shapira, Bracha and Kantor, Paul B.},
title={Group Recommender Systems: Combining Individual Models},
publisher={Springer US},
author={Masthoff, Judith},
pages={677-702}
}

@incollection{masthoff:2004,
  title={Group modeling: Selecting a sequence of television items to suit a group of viewers},
  author={Masthoff, Judith},
  booktitle={Personalized Digital Television},
  pages={93--141},
  year={2004},
  publisher={Springer}
}


@inproceedings{Boytsov:2016,
 author = {Boytsov, Leonid and Novak, David and Malkov, Yury and Nyberg, Eric},
 title = {Off the Beaten Path: Let's Replace Term-Based Retrieval with k-NN Search},
 booktitle = {CIKM '16},
 year = {2016},
 pages = {1099--1108},
} 

@inproceedings{Guo:2016,
 author = {Guo, Jiafeng and Fan, Yixing and Ai, Qingyao and Croft, W. Bruce},
 title = {A Deep Relevance Matching Model for Ad-hoc Retrieval},
 booktitle = {CIKM '16},
 year = {2016},
 pages = {55--64},
} 

@article{Kingma:2014,
  title={Adam: A method for stochastic optimization},
  author={Kingma, Diederik and Ba, Jimmy},
  journal={arXiv preprint arXiv:1412.6980},
  year={2014}
}


@inproceedings{Mitra:2016,
 author = {Mitra, Bhaskar and Diaz, Fernando and Craswell, Nick},
 title = {Learning to Match Using Local and Distributed Representations of Text for Web Search},
 booktitle = {WWW '17},
 year = {2017},
 pages = {1291--1299}
}

@article{tang2016:tflearn,
  title={TF.Learn: TensorFlow's High-level Module for Distributed Machine Learning},
  author={Tang, Yuan},
  journal={arXiv preprint arXiv:1612.04251},
  year={2016}
}

@misc{tensorflow2015-whitepaper,
title={ {TensorFlow}: Large-Scale Machine Learning on Heterogeneous Systems},
url={http://tensorflow.org/},
note={Software available from tensorflow.org},
author={
    Mart\'{\i}n~Abadi et al.},
Commented_author={
    Mart\'{\i}n~Abadi and
    Ashish~Agarwal and
    Paul~Barham and
    Eugene~Brevdo and
    Zhifeng~Chen and
    Craig~Citro and
    Greg~S.~Corrado and
    Andy~Davis and
    Jeffrey~Dean and
    Matthieu~Devin and
    Sanjay~Ghemawat and
    Ian~Goodfellow and
    Andrew~Harp and
    Geoffrey~Irving and
    Michael~Isard and
    Yangqing Jia and
    Rafal~Jozefowicz and
    Lukasz~Kaiser and
    Manjunath~Kudlur and
    Josh~Levenberg and
    Dan~Man\'{e} and
    Rajat~Monga and
    Sherry~Moore and
    Derek~Murray and
    Chris~Olah and
    Mike~Schuster and
    Jonathon~Shlens and
    Benoit~Steiner and
    Ilya~Sutskever and
    Kunal~Talwar and
    Paul~Tucker and
    Vincent~Vanhoucke and
    Vijay~Vasudevan and
    Fernanda~Vi\'{e}gas and
    Oriol~Vinyals and
    Pete~Warden and
    Martin~Wattenberg and
    Martin~Wicke and
    Yuan~Yu and
    Xiaoqiang~Zheng},
  year={2015},
}



@article{Desautels:2014,
  title={Parallelizing exploration-exploitation tradeoffs in Gaussian process bandit optimization.},
  author={Desautels, Thomas and Krause, Andreas and Burdick, Joel W},
  journal={Journal of Machine Learning Research},
  volume={15},
  number={1},
  pages={3873--3923},
  year={2014}
}

@article{Cormack:2011,
 author = {Cormack, Gordon V. and Smucker, Mark D. and Clarke, Charles L.},
 title = {Efficient and Effective Spam Filtering and Re-ranking for Large Web Datasets},
 journal = {Inf. Retr.},
 issue_date = {October   2011},
 volume = {14},
 number = {5},
 year = {2011},
 pages = {441--465},
 } 

@article{Lecun:2015,
title = {Deep Learning},
author = {LeCun, Yann and Bengio, Yoshua and Hinton, Geoffrey},
year = {2015},
volume = {521},
pages = {436--444},
journal = {Nature},
number = {7553}
}

@techreport{Page:1999,
  title={The PageRank Citation Ranking: Bringing Order to the Web},
  author={Page, Lawrence and Brin, Sergey and Motwani, Rajeev and Winograd, Terry},
  year={1999},
  institute={Stanford InfoLab}
}

@article{Jarvelin:2002,
 author = {J\"{a}rvelin, Kalervo and Kek\"{a}l\"{a}inen, Jaana},
 title = {Cumulated Gain-based Evaluation of IR Techniques},
 journal = {ACM Trans. Inf. Syst.},
 issue_date = {October 2002},
 volume = {20},
 number = {4},
 month = oct,
 year = {2002},
 pages = {422--446}
}

@inproceedings{Burges:2005,
 author = {Burges, Chris and Shaked, Tal and Renshaw, Erin and Lazier, Ari and Deeds, Matt and Hamilton, Nicole and Hullender, Greg},
 title = {Learning to Rank Using Gradient Descent},
 booktitle = {ICML '05},
 year = {2005},
 location = {Bonn, Germany},
 pages = {89--96}
}

@INPROCEEDINGS{Herbrich:1999,
    author = {Ralf Herbrich and Thore Graepel and Klaus Obermayer},
    title = {Support Vector Learning for Ordinal Regression},
    booktitle = {ICANN '99},
    year = {1999},
    pages = {97--102}
}

@ARTICLE{Rumelhart:1986,
   author = {Rumelhart, D.~E. and Hinton, G.~E. and Williams, R.~J.},
    title = {Learning representations by back-propagating errors},
  journal = {Nature},
     year = {1986},
    month = oct,
   volume = {323},
    pages = {533-536}
}

@article{DeBoom:2016,
 author = {De Boom, Cedric and Van Canneyt, Steven and Demeester, Thomas and Dhoedt, Bart},
 title = {Representation Learning for Very Short Texts Using Weighted Word Embedding Aggregation},
 journal = {Pattern Recogn. Lett.},
 volume = {80},
 number = {C},
 year = {2016},
 pages = {150--156},
} 

@inproceedings{Kenter:2015,
 author = {Kenter, Tom and de Rijke, Maarten},
 title = {Short Text Similarity with Word Embeddings},
 booktitle = {CIKM '15},
 year = {2015},
 pages = {1411--1420}
}

@inproceedings{Mikolov:2013,
title = {{Distributed Representations of Words and Phrases and their Compositionality}},
author = {Mikolov, Tomas and Sutskever, Ilya and Chen, Kai and Corrado, Greg S and Dean, Jeff},
booktitle = {NIPS '13},
pages = {3111--3119},
year = {2013}
}


@inproceedings{Pennington:2014,
  author    = {Pennington, Jeffrey  and  Socher, Richard  and  Manning, Christopher},
  title     = {{GloVe: Global Vectors for Word Representation}},
  booktitle = {EMNLP '14},
  year      = {2014},
  pages     = {1532--1543}
}


@inproceedings{Zheng:2015,
 author = {Zheng, Guoqing and Callan, Jamie},
 title = {{Learning to Reweight Terms with Distributed Representations}},
 booktitle = {SIGIR '15},
 year = {2015},
 location = {Santiago, Chile},
 pages = {575--584}
}


@inproceedings{Zuccon:2015,
 author = {Zuccon, Guido and Koopman, Bevan and Bruza, Peter and Azzopardi, Leif},
 title = {{Integrating and Evaluating Neural Word Embeddings in Information Retrieval}},
 booktitle = {ADCS '15},
 year = {2015},
 pages = {12:1--12:8}
}


@inproceedings{Ganguly:2015,
 author = {Ganguly, Debasis and Roy, Dwaipayan and Mitra, Mandar and Jones, Gareth J.F.},
 title = {Word Embedding Based Generalized Language Model for Information Retrieval},
 booktitle = {SIGIR '15},
 year = {2015},
 pages = {795--798}
}


@inproceedings{Cohen:2016,
 author = {Cohen, Daniel and Croft, W. Bruce},
 title = {End to End Long Short Term Memory Networks for Non-Factoid Question Answering},
 booktitle = {ICTIR '16},
 year = {2016},
 pages = {143--146}
}


@inproceedings{Bansal:2016,
 author = {Bansal, Trapit and Belanger, David and McCallum, Andrew},
 title = {Ask the GRU: Multi-task Learning for Deep Text Recommendations},
 booktitle = {RecSys '16},
 year = {2016},
 pages = {107--114}
}

@inproceedings{Huang:2013,
 author = {Huang, Po-Sen and He, Xiaodong and Gao, Jianfeng and Deng, Li and Acero, Alex and Heck, Larry},
 title = {Learning Deep Structured Semantic Models for Web Search Using Clickthrough Data},
 booktitle = {CIKM '13},
 year = {2013},
 pages = {2333--2338},
}

@inproceedings{Shen:2014,
 author = {Shen, Yelong and He, Xiaodong and Gao, Jianfeng and Deng, Li and Mesnil, Gr{\'e}goire},
 title = {Learning Semantic Representations Using Convolutional Neural Networks for Web Search},
 booktitle = {WWW '14},
 year = {2014},
 pages = {373--374},
}


@inproceedings{Lu:2013,
 author = {Lu, Zhengdong and Li, Hang},
 title = {A Deep Architecture for Matching Short Texts},
 booktitle = {NIPS '13},
 year = {2013},
 pages = {1367--1375},
}

@article{Bengio:2007,
  title={Greedy layer-wise training of deep networks},
  author={Bengio, Yoshua and Lamblin, Pascal and Popovici, Dan and Larochelle, Hugo and others},
  journal={Advances in neural information processing systems},
  volume={19},
  pages={153},
  year={2007},
}

@inproceedings{Le:2014,
  title={Distributed Representations of Sentences and Documents},
  author={Le, Quoc V and Mikolov, Tomas},
  booktitle={ICML '14},
  volume={14},
  pages={1188--1196},
  year={2014}
}

@inproceedings{Kiros:2015,
  title={Skip-thought vectors},
  author={Kiros, Ryan and Zhu, Yukun and Salakhutdinov, Ruslan R and Zemel, Richard and Urtasun, Raquel and Torralba, Antonio and Fidler, Sanja},
  booktitle={NIPS '15},
  pages={3294--3302},
  year={2015}
}

@inproceedings{Goodfellow:2014,
  title={Generative adversarial nets},
  author={Goodfellow, Ian and Pouget-Abadie, Jean and Mirza, Mehdi and Xu, Bing and Warde-Farley, David and Ozair, Sherjil and Courville, Aaron and Bengio, Yoshua},
  booktitle={NIPS},
  pages={2672--2680},
  year={2014}
}

@article{Baldi:2012,
  title={Autoencoders, unsupervised learning, and deep architectures.},
  author={Baldi, Pierre},
  journal={ICML unsupervised and transfer learning},
  volume={27},
  pages={37-50},
  year={2012}
}

@inproceedings{Bromley:1993,
 author = {Bromley, Jane and Guyon, Isabelle and LeCun, Yann and S\"{a}ckinger, Eduard and Shah, Roopak},
 title = {Signature Verification Using a "Siamese" Time Delay Neural Network},
 booktitle = {NIPS '93},
 year = {1993},
 pages = {737--744},
} 



@inproceedings{Bing:2015,
  title={Improving Distant Supervision for Information Extraction Using Label Propagation Through Lists},
  author={Bing, Lidong and Chaudhari, Sneha and Wang, Richard C and Cohen, William W},
  booktitle={EMNLP '15},
  pages={524--529},
  year={2015}
}
@inproceedings{Han:2016,
 author = {Han, Xianpei and Sun, Le},
 title = {Global Distant Supervision for Relation Extraction},
 booktitle = {AAAI'16},
 year = {2016},
 location = {Phoenix, Arizona},
 pages = {2950--2956},
}


@inproceedings{Diaz:2016:ictir,
 author = {Diaz, Fernando},
 title = {Learning to Rank with Labeled Features},
 booktitle = {ICTIR '16},
 year = {2016},
 pages = {41--44},
} 

@inproceedings{Asadi:2011,
  title={Pseudo test collections for learning web search ranking functions},
  author={Asadi, Nima and Metzler, Donald and Elsayed, Tamer and Lin, Jimmy},
  booktitle={Proceedings of the 34th international ACM SIGIR conference on Research and development in Information Retrieval},
  pages={1073--1082},
  year={2011},
  organization={ACM}
}

@article{Zhang:2016,
  title={Neural Information Retrieval: A Literature Review},
  author={Zhang, Ye and Rahman, Md Mustafizur and Braylan, Alex and Dang, Brandon and Chang, Heng-Lu and Kim, Henna and McNamara, Quinten and Angert, Aaron and Banner, Edward and Khetan, Vivek and others},
  journal={arXiv preprint arXiv:1611.06792},
  year={2016}
}

@inproceedings{Boytsov:2016,
 author = {Boytsov, Leonid and Novak, David and Malkov, Yury and Nyberg, Eric},
 title = {Off the Beaten Path: Let's Replace Term-Based Retrieval with k-NN Search},
 booktitle = {CIKM '16},
 year = {2016},
 pages = {1099--1108},
} 


@techreport{Page:1999,
  title={The PageRank Citation Ranking: Bringing Order to the Web},
  author={Page, Lawrence and Brin, Sergey and Motwani, Rajeev and Winograd, Terry},
  year={1999},
  institute={Stanford InfoLab}
}

@ARTICLE{Rumelhart:1986,
   author = {Rumelhart, D.~E. and Hinton, G.~E. and Williams, R.~J.},
    title = {Learning representations by back-propagating errors},
  journal = {Nature},
     year = {1986},
    month = oct,
   volume = {323},
    pages = {533-536}
}

@article{DeBoom:2016,
 author = {De Boom, Cedric and Van Canneyt, Steven and Demeester, Thomas and Dhoedt, Bart},
 title = {Representation Learning for Very Short Texts Using Weighted Word Embedding Aggregation},
 journal = {Pattern Recogn. Lett.},
 volume = {80},
 number = {C},
 year = {2016},
 pages = {150--156},
} 

@inproceedings{Kenter:2015,
 author = {Kenter, Tom and de Rijke, Maarten},
 title = {Short Text Similarity with Word Embeddings},
 booktitle = {CIKM '15},
 year = {2015},
 pages = {1411--1420}
}


@InProceedings{Diaz:2016,
  author    = {Diaz, Fernando and Mitra, Bhaskar and Craswell, Nick},
  title     = {{Query Expansion with Locally-Trained Word Embeddings}},
  booktitle = {ACL '16},
  year      = {2016},
}


@inproceedings{Zuccon:2015,
 author = {Zuccon, Guido and Koopman, Bevan and Bruza, Peter and Azzopardi, Leif},
 title = {{Integrating and Evaluating Neural Word Embeddings in Information Retrieval}},
 booktitle = {ADCS '15},
 year = {2015},
 pages = {12:1--12:8}
}


@inproceedings{Ganguly:2015,
 author = {Ganguly, Debasis and Roy, Dwaipayan and Mitra, Mandar and Jones, Gareth J.F.},
 title = {Word Embedding Based Generalized Language Model for Information Retrieval},
 booktitle = {SIGIR '15},
 year = {2015},
 pages = {795--798}
}


@inproceedings{Liu:2015,
 author = {Liu, Xiaodong and Gao, Jianfeng and He, Xiaodong and Deng, Li and Duh, Kevin and Wang, Ye-yi},
 title = {Representation Learning Using Multi-Task Deep Neural Networks for Semantic Classification and Information Retrieval},
 booktitle = {NAACL '15},
 year = {2015},
 pages = {912--921}
}

@inproceedings{Yang:2016,
 author = {Yang, Liu and Ai, Qingyao and Guo, Jiafeng and Croft, W. Bruce},
 title = {aNMM: Ranking Short Answer Texts with Attention-Based Neural Matching Model},
 booktitle = {CIKM '16},
 year = {2016},
 pages = {287--296},
}


@inproceedings{Bansal:2016,
 author = {Bansal, Trapit and Belanger, David and McCallum, Andrew},
 title = {Ask the GRU: Multi-task Learning for Deep Text Recommendations},
 booktitle = {RecSys '16},
 year = {2016},
 pages = {107--114}
}

@article{Bengio:2007,
  title={Greedy layer-wise training of deep networks},
  author={Bengio, Yoshua and Lamblin, Pascal and Popovici, Dan and Larochelle, Hugo and others},
  journal={Advances in neural information processing systems},
  volume={19},
  pages={153},
  year={2007},
}


@inproceedings{Wauthier:2013,
 author = {Wauthier, Fabian L. and Jordan, Michael I. and Jojic, Nebojsa},
 title = {Efficient Ranking from Pairwise Comparisons},
 booktitle = {ICML'13},
 year = {2013},
 pages={109--117},
}

@article{Srivastava:2014,
 author = {Srivastava, Nitish and Hinton, Geoffrey and Krizhevsky, Alex and Sutskever, Ilya and Salakhutdinov, Ruslan},
 title = {Dropout: A Simple Way to Prevent Neural Networks from Overfitting},
 journal = {J. Mach. Learn. Res.},
 issue_date = {January 2014},
 volume = {15},
 number = {1},
 year = {2014},
 pages = {1929--1958},
}

@inproceedings{Zamani:2017,
  title={Relevance-based Word Embedding},
  author={Zamani, Hamed and Croft, W. Bruce},
  booktitle={SIGIR '17},
  year={2017}
}


@article{Onal:2016,
  title={Getting Started with Neural Models for Semantic Matching in Web Search},
  author={Onal, Kezban Dilek and Altingovde, Ismail Sengor and Karagoz, Pinar and de Rijke, Maarten},
  journal={arXiv preprint arXiv:1611.03305},
  year={2016}
}

@inproceedings{collobert2008unified,
  title={A unified architecture for natural language processing: Deep neural networks with multitask learning},
  author={Collobert, Ronan and Weston, Jason},
  booktitle={Proceedings of the 25th international conference on Machine learning},
  pages={160--167},
  year={2008},
  organization={ACM}
}

@inproceedings{welling2005exponential,
  title={Exponential family harmoniums with an application to information retrieval},
  author={Welling, Max and Rosen-Zvi, Michal and Hinton, Geoffrey E},
  booktitle={Advances in neural information processing systems},
  pages={1481--1488},
  year={2005}
}

@article{chapelle2009semi,
  title={Semi-supervised learning (chapelle, o. et al., eds.; 2006)[book reviews]},
  author={Chapelle, Olivier and Scholkopf, Bernhard and Zien, Alexander},
  journal={IEEE Transactions on Neural Networks},
  volume={20},
  number={3},
  pages={542--542},
  year={2009},
  publisher={IEEE}
}

@book{chap:semi06,
 author = {Chapelle, Olivier and Sch\"{o}lkopf, Bernhard and Zien, Alexander},
 title = {Semi-Supervised Learning},
 year = {2006},
 OPTisbn = {0262514125, 9780262514125},
 edition = {1st},
 publisher = {The MIT Press},
} 


@inproceedings{krizhevsky2012imagenet,
  title={Imagenet classification with deep convolutional neural networks},
  author={Krizhevsky, Alex and Sutskever, Ilya and Hinton, Geoffrey E},
  booktitle={Advances in neural information processing systems},
  pages={1097--1105},
  year={2012}
}

@inproceedings{Boytsov:2016,
 author = {Boytsov, Leonid and Novak, David and Malkov, Yury and Nyberg, Eric},
 title = {Off the Beaten Path: Let's Replace Term-Based Retrieval with k-NN Search},
 booktitle = {CIKM '16},
 year = {2016},
 pages = {1099--1108},
} 

@inproceedings{wainwright2012privacy,
  title={Privacy aware learning},
  author={Wainwright, Martin J. and Jordan, Michael I. and Duchi, John C.},
  booktitle={Advances in Neural Information Processing Systems},
  pages={1430--1438},
  year={2012}
}

@inproceedings{schaul2013no,
  title={No more pesky learning rates},
  author={Schaul, Tom and Zhang, Sixin and LeCun, Yann},
  booktitle={International Conference on Machine Learning},
  pages={343--351},
  year={2013}
}

@inproceedings{song2015learning,
  title={Learning from data with heterogeneous noise using sgd},
  author={Song, Shuang and Chaudhuri, Kamalika and Sarwate, Anand},
  booktitle={Artificial Intelligence and Statistics},
  pages={894--902},
  year={2015}
}


@techreport{Page:1999,
  title={The PageRank Citation Ranking: Bringing Order to the Web},
  author={Page, Lawrence and Brin, Sergey and Motwani, Rajeev and Winograd, Terry},
  year={1999},
  institute={Stanford InfoLab}
}

@ARTICLE{Rumelhart:1986,
   author = {Rumelhart, D.~E. and Hinton, G.~E. and Williams, R.~J.},
    title = {Learning representations by back-propagating errors},
  journal = {Nature},
     year = {1986},
    month = oct,
   volume = {323},
    pages = {533-536}
}

@article{DeBoom:2016,
 author = {De Boom, Cedric and Van Canneyt, Steven and Demeester, Thomas and Dhoedt, Bart},
 title = {Representation Learning for Very Short Texts Using Weighted Word Embedding Aggregation},
 journal = {Pattern Recogn. Lett.},
 volume = {80},
 number = {C},
 year = {2016},
 pages = {150--156},
} 

@inproceedings{Kenter:2015,
 author = {Kenter, Tom and de Rijke, Maarten},
 title = {Short Text Similarity with Word Embeddings},
 booktitle = {CIKM '15},
 year = {2015},
 pages = {1411--1420}
}

@inproceedings{Zuccon:2015,
 author = {Zuccon, Guido and Koopman, Bevan and Bruza, Peter and Azzopardi, Leif},
 title = {{Integrating and Evaluating Neural Word Embeddings in Information Retrieval}},
 booktitle = {ADCS '15},
 year = {2015},
 pages = {12:1--12:8}
}


@inproceedings{Ganguly:2015,
 author = {Ganguly, Debasis and Roy, Dwaipayan and Mitra, Mandar and Jones, Gareth J.F.},
 title = {Word Embedding Based Generalized Language Model for Information Retrieval},
 booktitle = {SIGIR '15},
 year = {2015},
 pages = {795--798}
}

@inproceedings{Zamani:2016a,
 author = {Zamani, Hamed and Croft, W. Bruce},
 title = {Embedding-based Query Language Models},
 booktitle = {ICTIR '16},
 year = {2016},
 pages = {147--156}
}


@inproceedings{Zamani:2016b,
 author = {Zamani, Hamed and Croft, W. Bruce},
 title = {Estimating Embedding Vectors for Queries},
 booktitle = {ICTIR '16},
 year = {2016},
 pages = {123--132}
}

@inproceedings{Borisov:2016,
 author = {Borisov, Alexey and Markov, Ilya and de Rijke, Maarten and Serdyukov, Pavel},
 title = {A Neural Click Model for Web Search},
 booktitle = {WWW '16},
 year = {2016},
 pages = {531--541},
}

@inproceedings{Bansal:2016,
 author = {Bansal, Trapit and Belanger, David and McCallum, Andrew},
 title = {Ask the GRU: Multi-task Learning for Deep Text Recommendations},
 booktitle = {RecSys '16},
 year = {2016},
 pages = {107--114}
}

@article{Bengio:2007,
  title={Greedy layer-wise training of deep networks},
  author={Bengio, Yoshua and Lamblin, Pascal and Popovici, Dan and Larochelle, Hugo and others},
  journal={Advances in neural information processing systems},
  volume={19},
  pages={153},
  year={2007},
}

@article{Hinton:2006,
 author = {Hinton, Geoffrey E. and Osindero, Simon and Teh, Yee-Whye},
 title = {A Fast Learning Algorithm for Deep Belief Nets},
 journal = {Neural Comput.},
 issue_date = {July 2006},
 volume = {18},
 number = {7},
 year = {2006},
 pages = {1527--1554},
} 

@article{Rrhan:2010,
  title={Why does unsupervised pre-training help deep learning?},
  author={Erhan, Dumitru and Bengio, Yoshua and Courville, Aaron and Manzagol, Pierre-Antoine and Vincent, Pascal and Bengio, Samy},
  journal={Journal of Machine Learning Research},
  volume={11},
  Commented_number={Feb},
  pages={625--660},
  year={2010}
}



@inproceedings{Pass:2006,
 author = {Pass, Greg and Chowdhury, Abdur and Torgeson, Cayley},
 title = {A Picture of Search},
 booktitle = {InfoScale '06},
 year = {2006}
}


@inproceedings{Hoffmann:2011,
 author = {Hoffmann, Raphael and Zhang, Congle and Ling, Xiao and Zettlemoyer, Luke and Weld, Daniel S.},
 title = {Knowledge-based Weak Supervision for Information Extraction of Overlapping Relations},
 booktitle = {HLT '11},
 year = {2011},
 pages = {541--550},
} 


@inproceedings{Mintz2009:distant,
  title={Distant supervision for relation extraction without labeled data},
  author={Mintz, Mike and Bills, Steven and Snow, Rion and Jurafsky, Dan},
  booktitle={ACL},
  pages={1003--1011},
  year={2009},

}


@inproceedings{Dehghani:2017:SIGIR,
 author = {Dehghani, Mostafa and Zamani, Hamed and Severyn, Aliaksei and Kamps, Jaap and Croft, W. Bruce},
 title = {Neural Ranking Models with Weak Supervision},
 booktitle = {SIGIR'17},
 year = {2017},
}

@inproceedings{Veit:2017,
  title={Learning From Noisy Large-Scale Datasets With Minimal Supervision},
  author={Veit, Andreas and Alldrin, Neil and Chechik, Gal and Krasin, Ivan and Gupta, Abhinav and Belongie, Serge},
  booktitle={The Conference on Computer Vision and Pattern Recognition},
  year={2017}
}

@inproceedings{Hinton:2015,
  title={Distilling the knowledge in a neural network},
  author={Hinton, Geoffrey and Vinyals, Oriol and Dean, Jeff},
  booktitle={NIPS 2014 Deep Learning Workshop},
  year={2014},
  note={arXiv preprint arXiv:1503.02531},
}

@article{Romero:2014,
  title={Fitnets: Hints for thin deep nets},
  author={Romero, Adriana and Ballas, Nicolas and Kahou, Samira Ebrahimi and Chassang, Antoine and Gatta, Carlo and Bengio, Yoshua},
  journal={arXiv preprint arXiv:1412.6550},
  year={2014}
}

@inproceedings{Xiao:2015,
  title={Learning from massive noisy labeled data for image classification},
  author={Xiao, Tong and Xia, Tian and Yang, Yi and Huang, Chang and Wang, Xiaogang},
  booktitle={Proceedings of the IEEE Conference on Computer Vision and Pattern Recognition},
  pages={2691--2699},
  year={2015}
}

@inproceedings{Severyn:2015:SemEval,
  title={Unitn: Training deep convolutional neural network for twitter sentiment classification},
  author={Severyn, Aliaksei and Moschitti, Alessandro},
  booktitle={Proceedings of the 9th International Workshop on Semantic Evaluation (SemEval 2015), Association for Computational Linguistics, Denver, Colorado},
  pages={464--469},
  year={2015}
}

@inproceedings{Severyn:2015:SIGIR,
  title={Twitter sentiment analysis with deep convolutional neural networks},
  author={Severyn, Aliaksei and Moschitti, Alessandro},
  booktitle={Proceedings of the 38th International ACM SIGIR Conference on Research and Development in Information Retrieval},
  pages={959--962},
  year={2015},
  organization={ACM}
}

@inproceedings{Nair:2010,
  title={Rectified linear units improve restricted boltzmann machines},
  author={Nair, Vinod and Hinton, Geoffrey E.},
  booktitle={Proceedings of the 27th international conference on machine learning (ICML-10)},
  pages={807--814},
  year={2010}
}

@inproceedings{shen2006fast,
  title={Fast gaussian process regression using kd-trees},
  author={Shen, Yirong and Seeger, Matthias and Ng, Andrew Y.},
  booktitle={Advances in neural information processing systems},
  pages={1225--1232},
  year={2006}
}

@inproceedings{Gaccianella:2010,
  title={SentiWordNet 3.0: An Enhanced Lexical Resource for Sentiment Analysis and Opinion Mining.},
  author={Baccianella, Stefano and Esuli, Andrea and Sebastiani, Fabrizio},
  booktitle={LREC},
  volume={10},
  pages={2200--2204},
  year={2010}
}

@inproceedings{rosenthal:2015,
  title={Semeval-2015 task 10: Sentiment analysis in twitter},
  author={Rosenthal, Sara and Nakov, Preslav and Kiritchenko, Svetlana and Mohammad, Saif M. and Ritter, Alan and Stoyanov, Veselin},
  booktitle={Proceedings of the 9th international workshop on semantic evaluation (SemEval 2015)},
  pages={451--463},
  year={2015}
}

@inproceedings{Deriu:2017,
  title={Leveraging Large Amounts of Weakly Supervised Data for Multi-Language Sentiment Classification},
  author={Deriu, Jan and Lucchi, Aurelien and De Luca, Valeria and Severyn, Aliaksei and M{\"u}ller, Simon and Cieliebak, Mark and Hofmann, Thomas and Jaggi, Martin},
  booktitle={Proceedings of the 26th international International World Wide Web Conference (WWW'17)},
  Pages = {1045--1052},
  year={2017}
}

@article{Robertson:2009,
  title={The probabilistic relevance framework: BM25 and beyond},
  author={Robertson, Stephen and Zaragoza, Hugo},
  journal={Foundations and Trends in Information Retrieval},
  volume={3},
  number={4},
  pages={333--389},
  year={2009},
  publisher={Now Publishers, Inc.}
}

@inproceedings{Hamdan:2013,
  title={Experiments with DBpedia, WordNet and SentiWordNet as resources for sentiment analysis in micro-blogging},
  author={Hamdan, Hussam and B{\'e}chet, Frederic and Bellot, Patrice},
  booktitle={Second Joint Conference on Lexical and Computational Semantics (* SEM)},
  volume={2},
  pages={455--459},
  year={2013}
}

@article{Nakov:2016,
  title={SemEval-2016 task 4: Sentiment analysis in Twitter},
  author={Nakov, Preslav and Ritter, Alan and Rosenthal, Sara and Sebastiani, Fabrizio and Stoyanov, Veselin},
  journal={Proceedings of SemEval},
  pages={1--18},
  year={2016}
}

@article{Rouvier:2016,
  title={SENSEI-LIF at SemEval-2016 Task 4: Polarity embedding fusion for robust sentiment analysis},
  author={Rouvier, Mickael and Favre, Benoit},
  journal={Proceedings of SemEval},
  pages={202--208},
  year={2016}
}

@article{Frenay:2014,
  title={Classification in the presence of label noise: a survey},
  author={Fr{\'e}nay, Beno{\^\i}t and Verleysen, Michel},
  journal={IEEE transactions on neural networks and learning systems},
  volume={25},
  number={5},
  pages={845--869},
  year={2014},
}

@article{Zhu:2005,
  title={Semi-supervised learning literature survey},
  author={Zhu, Xiaojin},
  year={2005},
}

@inproceedings{Rosenberg:2005,
  title={Semi-supervised self-training of object detection models},
  author={Rosenberg, Chuck and Hebert, Martial and Schneiderman, Henry},
  year={2005},
  booktitle={Seventh IEEE Workshop on Applications of Computer Vision}
}
@inproceedings{Lee:2013,
  title={Pseudo-label: The simple and efficient semi-supervised learning method for deep neural networks},
  author={Lee, Dong-Hyun},
  booktitle={Workshop on Challenges in Representation Learning, ICML},
  volume={3},
  pages={2},
  year={2013}
}
@incollection{Weston:2012,
  title={Deep learning via semi-supervised embedding},
  author={Weston, Jason and Ratle, Fr{\'e}d{\'e}ric and Mobahi, Hossein and Collobert, Ronan},
  booktitle={Neural Networks: Tricks of the Trade},
  pages={639--655},
  year={2012},
  publisher={Springer}
}

@article{hinton2006reducing,
  title={Reducing the dimensionality of data with neural networks},
  author={Hinton, Geoffrey E. and Salakhutdinov, Ruslan R.},
  journal={science},
  volume={313},
  number={5786},
  pages={504--507},
  year={2006},
  publisher={American Association for the Advancement of Science}
}

@inproceedings{Patrini:2016,
  title={Making neural networks robust to label noise: a loss correction approach},
  author={Patrini, Giorgio and Rozza, Alessandro and Menon, Aditya and Nock, Richard and Qu, Lizhen},
  booktitle={CVPR},
  year={2017},
  note={arXiv preprint arXiv:1609.03683},
}

@inproceedings{patrini2016loss,
  title={Loss factorization, weakly supervised learning and label noise robustness},
  author={Patrini, Giorgio and Nielsen, Frank and Nock, Richard and Carioni, Marcello},
  booktitle={International Conference on Machine Learning},
  pages={708--717},
  year={2016}
}


@inproceedings{Beigman:2009,
  title={Learning with annotation noise},
  author={Beigman, Eyal and Klebanov, Beata Beigman},
  booktitle={Proceedings of the Joint Conference of the 47th Annual Meeting of the ACL and the 4th International Joint Conference on Natural Language Processing of the AFNLP: Volume 1-Volume 1},
  pages={280--287},
  year={2009},
  organization={Association for Computational Linguistics}
}

@inproceedings{Zeng:2015,
  title={Distant Supervision for Relation Extraction via Piecewise Convolutional Neural Networks.},
  author={Zeng, Daojian and Liu, Kang and Chen, Yubo and Zhao, Jun},
  booktitle={EMNLP},
  pages={1753--1762},
  year={2015}
}

@article{Varma:2017,
  title={Socratic Learning: Correcting Misspecified Generative Models using Discriminative Models},
  author={Varma, Paroma and He, Bryan and Iter, Dan and Xu, Peng and Yu, Rose and De Sa, Christopher and R{\'e}, Christopher},
  journal={arXiv preprint arXiv:1610.08123},
  year={2017}
}

@inproceedings{Ratner:2016,
  title={Data Programming: Creating Large Training Sets, Quickly},
  author={Ratner, Alexander J. and De Sa, Christopher M. and Wu, Sen and Selsam, Daniel and R{\'e}, Christopher},
  booktitle={Advances in Neural Information Processing Systems},
  pages={3567--3575},
  year={2016}
}

@inproceedings{Sukhbaatar:2014,
  title={Training convolutional networks with noisy labels},
  author={Sukhbaatar, Sainbayar and Bruna, Joan and Paluri, Manohar and Bourdev, Lubomir and Fergus, Rob},
  booktitle={Workshop contribution at ICLR 2015},
  year={2015}
}


@inproceedings{Bunescu:2007,
  title={Learning to extract relations from the web using minimal supervision},
  author={Bunescu, Razvan and Mooney, Raymond},
  booktitle={ACL},
  year={2007}
}

@article{Rekatsinas:2017,
  title={HoloClean: Holistic Data Repairs with Probabilistic Inference},
  author={Rekatsinas, Theodoros and Chu, Xu and Ilyas, Ihab F. and R{\'e}, Christopher},
  journal = {PVLDB},
  volume = {10},
  number = {11},
  year = {2017},
  pages = {1190--1201},
}

@article{GPflow2017,
   author = {Matthews, Alexander G. de G. and {van der Wilk}, Mark and Nickson, Tom and
	Fujii, Keisuke. and {Boukouvalas}, Alexis and {Le{\'o}n-Villagr{\'a}}, Pablo and
	Ghahramani, Zoubin and Hensman, James},
    title = "{{GP}flow: A {G}aussian process library using {T}ensor{F}low}",
  journal = {Journal of Machine Learning Research},
  year    = {2017},
  volume  = {18},
  number  = {40},
  pages   = {1-6},
}

@inproceedings{Blum:1998,
 author = {Blum, Avrim and Mitchell, Tom},
 title = {Combining Labeled and Unlabeled Data with Co-training},
 booktitle = {Proceedings of the Eleventh Annual Conference on Computational Learning Theory},
 series = {COLT' 98},
 year = {1998},
 pages = {92--100},
} 

@inproceedings{Iosifidis:2017,
 author = {Iosifidis, Vasileios and Ntoutsi, Eirini},
 title = {Large Scale Sentiment Learning with Limited Labels},
 booktitle = {Proceedings of the 23rd ACM SIGKDD International Conference on Knowledge Discovery and Data Mining},
 series = {KDD '17},
 year = {2017},
 pages = {1823--1832},
} 

@book{Vapnik1998,
  added-at = {2009-11-30T17:48:31.000+0100},
  author = {Vapnik, Vladimir N.},
  biburl = {https://www.bibsonomy.org/bibtex/21a5aaa75fa8be088b01a7381d2f661be/fluctuator},
  interhash = {f211eacca8f6ce50e9c31c6bcc482809},
  intrahash = {1a5aaa75fa8be088b01a7381d2f661be},
  keywords = {imported},
  owner = {CHAENIG},
  publisher = {Wiley-Interscience},
  timestamp = {2009-11-30T17:48:32.000+0100},
  title = {Statistical Learning Theory},
  year = 1998
}



@article{vapnik2015learning,
  title={Learning using privileged information: similarity control and knowledge transfer.},
  author={Vapnik, Vladimir and Izmailov, Rauf},
  journal={Journal of machine learning research},
  volume={16},
  number={20232049},
  pages={55},
  year={2015}
}

@book{rasmussen2006gaussian,
  title={Gaussian processes for machine learning},
  author={Rasmussen, Carl Edward and Williams, Christopher K. I. },
  volume={1},
  year={2006},
  publisher={MIT press Cambridge}
}

@article{vapnik2009new,
  title={A new learning paradigm: Learning using privileged information},
  author={Vapnik, Vladimir and Vashist, Akshay},
  journal={Neural networks},
  volume={22},
  number={5},
  pages={544--557},
  year={2009},
  publisher={Elsevier}
}

@article{hinton2015distilling,
  title={Distilling the knowledge in a neural network},
  author={Hinton, Geoffrey and Vinyals, Oriol and Dean, Jeff},
  journal={arXiv preprint arXiv:1503.02531},
  year={2015}
}

@article{lopez2015unifying,
  title={Unifying distillation and privileged information},
  author={Lopez-Paz, David and Bottou, L{\'e}on and Sch{\"o}lkopf, Bernhard and Vapnik, Vladimir},
  journal={arXiv preprint arXiv:1511.03643},
  year={2015}
}

@inproceedings{wichrowska:2017learned,
  title={Learned Optimizers that Scale and Generalize},
  author={Wichrowska, Olga and Maheswaranathan, Niru and Hoffman, Matthew W and Colmenarejo, Sergio Gomez and Denil, Misha and de Freitas, Nando and Sohl-Dickstein, Jascha},
  booktitle={Proceedings of the 34th International Conference on Machine Learning (ICML)},
  year={2017}
}


@inproceedings{Papernot:2017,
  title={Semi-supervised knowledge transfer for deep learning from private training data},
  author={Papernot, Nicolas and Abadi, Mart{\'\i}n and Erlingsson, {\'U}lfar and Goodfellow, Ian and Talwar, Kunal},
  booktitle={ICLR},
  year={2017},
  note={arXiv preprint arXiv:1610.05755},
}

@comment{orwell2003animal, 
title={Animal farm}, 
author={Orwell, George}, 
year={2003}, 
publisher={Penguin UK} 
}

@book{orwell2003animal, 
title={Animal Farm: A Fairy Story}, 
author={Orwell, George}, 
year={1945}, 
publisher={Secker and Warburg, London, England} 
}


@inproceedings{Titsias2009variational,
  title={Variational learning of inducing variables in
         sparse Gaussian processes},
  author={Titsias, Michalis K.},
  booktitle={International Conference on
             Artificial Intelligence and Statistics},
  pages={567--574},
  year={2009}
}

@inproceedings{hensman2014scalable,
  title={Scalable Variational Gaussian Process Classification},
  author={Hensman, James and Matthews,
          Alexander G. de G. and Ghahramani, Zoubin},
  booktitle={Proceedings of AISTATS},
  year={2015}
}

@inproceedings{Chang2010structured,
  title={Structured output learning with indirect supervision},
  author={Chang, Ming-Wei and Srikumar, Vivek and Goldwasser, Dan and Roth, Dan},
  booktitle={Proceedings of the 27th International Conference on Machine Learning (ICML-10)},
  pages={199--206},
  year={2010}
}

@inproceedings{Raghunathan:2016,
  title={Estimation from indirect supervision with linear moments},
  author={Raghunathan, Aditi and Frostig, Roy and Duchi, John and Liang, Percy},
  booktitle={International Conference on Machine Learning},
  pages={2568--2577},
  year={2016}
}

@inproceedings{roth2017incidental,
  title={Incidental Supervision: Moving beyond Supervised Learning.},
  author={Roth, Dan},
  booktitle={AAAI},
  pages={4885--4890},
  year={2017}
}

@inproceedings{clarke2010driving,
  title={Driving semantic parsing from the world's response},
  author={Clarke, James and Goldwasser, Dan and Chang, Ming-Wei and Roth, Dan},
  booktitle={Proceedings of the fourteenth conference on computational natural language learning},
  pages={18--27},
  year={2010},
}

@inproceedings{riezler2014response,
  title={Response-based Learning for Grounded Machine Translation.},
  author={Riezler, Stefan and Simianer, Patrick and Haas, Carolin},
  booktitle={ACL (1)},
  pages={881--891},
  year={2014}
}

@article{chang2012structured,
  title={Structured learning with constrained conditional models},
  author={Chang, Ming-Wei and Ratinov, Lev and Roth, Dan},
  journal={Machine learning},
  volume={88},
  number={3},
  pages={399--431},
  year={2012},

}

@inproceedings{stewart2017label,
  title={Label-Free Supervision of Neural Networks with Physics and Domain Knowledge.},
  author={Stewart, Russell and Ermon, Stefano},
  booktitle={AAAI},
  pages={2576--2582},
  year={2017}
}

@inproceedings{min2013distant,
  title={Distant Supervision for Relation Extraction with an Incomplete Knowledge Base.},
  author={Min, Bonan and Grishman, Ralph and Wan, Li and Wang, Chang and Gondek, David},
  booktitle={HLT-NAACL},
  pages={777--782},
  year={2013}
}

@inproceedings{noroozi2016unsupervised,
  title={Unsupervised learning of visual representations by solving jigsaw puzzles},
  author={Noroozi, Mehdi and Favaro, Paolo},
  booktitle={European Conference on Computer Vision},
  pages={69--84},
  year={2016},
  organization={Springer}
}

@article{dosovitskiy2016discriminative,
  title={Discriminative unsupervised feature learning with exemplar convolutional neural networks},
  author={Dosovitskiy, Alexey and Fischer, Philipp and Springenberg, Jost Tobias and Riedmiller, Martin and Brox, Thomas},
  journal={IEEE transactions on pattern analysis and machine intelligence},
  volume={38},
  number={9},
  pages={1734--1747},
  year={2016},
  publisher={IEEE}
}

@inproceedings{goldberger2016training,
  title={Training deep neural-networks using a noise adaptation layer},
  author={Goldberger, Jacob and Ben-Reuven, Ehud},
  booktitle={ICLR2017},
  year={2017}
}

@inproceedings{Dehghani:2017:nips_metalearn,
  title={Learning to Learn from Weak Supervision by Full Supervision},
  author={Dehghani, Mostafa and Severyn, Aliaksei and Rothe, Sascha and Kamps, Jaap},
  booktitle={NIPS2017 workshop on Meta-Learning (MetaLearn 2017)},
  year={2017}
}

@INPROCEEDINGS{Abdul-jaleel:2004,
    author = {Nasreen Abdul-jaleel and James Allan and W. Bruce Croft and O Diaz and Leah Larkey and Xiaoyan Li and Mark D. Smucker and Courtney Wade},
    title = {UMass at TREC 2004: Novelty and HARD},
    booktitle = {TREC-13},
    year = {2004}
}

@article{salton1973specification,
  title={On the specification of term values in automatic indexing},
  author={Salton, Gerard and Yang, Chung-Shu},
  journal={Journal of documentation},
  volume={29},
  number={4},
  pages={351--372},
  year={1973},
}

@inproceedings{Fredrikson:2015,
  title={Model inversion attacks that exploit confidence information and basic countermeasures},
  author={Fredrikson, Matt and Jha, Somesh and Ristenpart, Thomas},
  booktitle={Proceedings of the 22nd ACM SIGSAC Conference on Computer and Communications Security},
  pages={1322--1333},
  year={2015},
}

@article{Shokri:2016,
  title={Membership inference attacks against machine learning models},
  author={Shokri, Reza and Stronati, Marco and Shmatikov, Vitaly},
  journal={arXiv preprint arXiv:1610.05820},
  year={2016}
}

@inproceedings{Yang:2017,
 author = {Yang, Grace Hui and Zhang, Sicong},
 title = {Differential Privacy for Information Retrieval},
 booktitle = {Proceedings of the ACM SIGIR International Conference on Theory of Information Retrieval},
 year = {2017},
 pages = {325--326},
} 

@article{sun2017revisiting,
  title={Revisiting Unreasonable Effectiveness of Data in Deep Learning Era},
  author={Sun, Chen and Shrivastava, Abhinav and Singh, Saurabh and Gupta, Abhinav},
  journal={arXiv preprint arXiv:1707.02968},
  year={2017}
}

@inproceedings{Shokri:2015,
  title={Privacy-preserving deep learning},
  author={Shokri, Reza and Shmatikov, Vitaly},
  booktitle={Proceedings of the 22nd ACM SIGSAC conference on computer and communications security},
  pages={1310--1321},
  year={2015},
  organization={ACM}
}

@inproceedings{Abadi:2016,
  title={Deep learning with differential privacy},
  author={Abadi, Mart{\'\i}n and Chu, Andy and Goodfellow, Ian and McMahan, H Brendan and Mironov, Ilya and Talwar, Kunal and Zhang, Li},
  booktitle={Proceedings of the 2016 ACM SIGSAC Conference on Computer and Communications Security},
  pages={308--318},
  year={2016},
  organization={ACM}
}

@inproceedings{Bucilua:2006,
  title={Model compression},
  author={Bucilua, Cristian and Caruana, Rich and Niculescu-Mizil, Alexandru},
  booktitle={Proceedings of the 12th ACM SIGKDD international conference on Knowledge discovery and data mining},
  pages={535--541},
  year={2006},
  organization={ACM}
}

@inproceedings{Ba:2014,
  title={Do deep nets really need to be deep?},
  author={Ba, Jimmy and Caruana, Rich},
  booktitle={Advances in neural information processing systems},
  pages={2654--2662},
  year={2014}
}

@inproceedings{Carpineto:2013,
 author = {Carpineto, Claudio and Romano, Giovanni},
 title = {Semantic Search Log K-anonymization with Generalized K-cores of Query Concept Graph},
 booktitle = {ECIR'13},
 year = {2013},
 pages = {110--121},
 }
 
 @article{dehghani:2017:neuir,
  title={Share your model instead of your data: Privacy preserving mimic learning for ranking},
  author={Dehghani, Mostafa and Azarbonyad, Hosein and Kamps, Jaap and de Rijke, Maarten},
  journal={arXiv preprint arXiv:1707.07605},
  year={2017}
}
@inproceedings{Phan:2016,
  title={Differential Privacy Preservation for Deep Auto-Encoders: an Application of Human Behavior Prediction.},
  author={Phan, NhatHai and Wang, Yue and Wu, Xintao and Dou, Dejing},
  booktitle={AAAI},
  pages={1309--1316},
  year={2016}
}

@inproceedings{Tramer:2016,
  title={Stealing machine learning models via prediction apis},
  author={Tram{\`e}r, Florian and Zhang, Fan and Juels, Ari and Reiter, Michael K and Ristenpart, Thomas},
  booktitle={USENIX Security},
  year={2016}
}


%%%%%%%%%%%%%%%%%%%%%%%%%%%




@article{chapelle2009semi,
  title={Semi-supervised learning (chapelle, o. et al., eds.; 2006)[book reviews]},
  author={Chapelle, Olivier and Scholkopf, Bernhard and Zien, Alexander},
  journal={IEEE Transactions on Neural Networks},
  volume={20},
  number={3},
  pages={542--542},
  year={2009},
  publisher={IEEE}
}


@inproceedings{Boytsov:2016,
 author = {Boytsov, Leonid and Novak, David and Malkov, Yury and Nyberg, Eric},
 title = {Off the Beaten Path: Let's Replace Term-Based Retrieval with k-NN Search},
 booktitle = {CIKM '16},
 year = {2016},
 pages = {1099--1108},
} 

@inproceedings{schaul2013no,
  title={No more pesky learning rates},
  author={Schaul, Tom and Zhang, Sixin and LeCun, Yann},
  booktitle={International Conference on Machine Learning},
  pages={343--351},
  year={2013}
}

@inproceedings{song2015learning,
  title={Learning from data with heterogeneous noise using sgd},
  author={Song, Shuang and Chaudhuri, Kamalika and Sarwate, Anand},
  booktitle={Artificial Intelligence and Statistics},
  pages={894--902},
  year={2015}
}


@article{Bromley1993,
  title={Signature verification using a “Siamese” time delay neural network},
  author={Bromley, Jane and Bentz, James W. and Bottou, L{\'e}on and Guyon, Isabelle and LeCun, Yann and Moore, Cliff and S{\"a}ckinger, Eduard and Shah, Roopak},
  journal={International Journal of Pattern Recognition and Artificial Intelligence},
  volume={7},
  number={04},
  pages={669--688},
  year={1993},
}


@techreport{Page:1999,
  title={The PageRank Citation Ranking: Bringing Order to the Web},
  author={Page, Lawrence and Brin, Sergey and Motwani, Rajeev and Winograd, Terry},
  year={1999},
  institute={Stanford InfoLab}
}

@ARTICLE{Rumelhart:1986,
   author = {Rumelhart, D.~E. and Hinton, G.~E. and Williams, R.~J.},
    title = {Learning representations by back-propagating errors},
  journal = {Nature},
     year = {1986},
    month = oct,
   volume = {323},
    pages = {533-536}
}

@article{DeBoom:2016,
 author = {De Boom, Cedric and Van Canneyt, Steven and Demeester, Thomas and Dhoedt, Bart},
 title = {Representation Learning for Very Short Texts Using Weighted Word Embedding Aggregation},
 journal = {Pattern Recogn. Lett.},
 volume = {80},
 number = {C},
 year = {2016},
 pages = {150--156},
} 

@inproceedings{Kenter:2015,
 author = {Kenter, Tom and de Rijke, Maarten},
 title = {Short Text Similarity with Word Embeddings},
 booktitle = {CIKM '15},
 year = {2015},
 pages = {1411--1420}
}


@inproceedings{Zuccon:2015,
 author = {Zuccon, Guido and Koopman, Bevan and Bruza, Peter and Azzopardi, Leif},
 title = {{Integrating and Evaluating Neural Word Embeddings in Information Retrieval}},
 booktitle = {ADCS '15},
 year = {2015},
 pages = {12:1--12:8}
}


@inproceedings{Ganguly:2015,
 author = {Ganguly, Debasis and Roy, Dwaipayan and Mitra, Mandar and Jones, Gareth J.F.},
 title = {Word Embedding Based Generalized Language Model for Information Retrieval},
 booktitle = {SIGIR '15},
 year = {2015},
 pages = {795--798}
}

@inproceedings{Bansal:2016,
 author = {Bansal, Trapit and Belanger, David and McCallum, Andrew},
 title = {Ask the GRU: Multi-task Learning for Deep Text Recommendations},
 booktitle = {RecSys '16},
 year = {2016},
 pages = {107--114}
}

@article{Bengio:2007,
  title={Greedy layer-wise training of deep networks},
  author={Bengio, Yoshua and Lamblin, Pascal and Popovici, Dan and Larochelle, Hugo and others},
  journal={Advances in neural information processing systems},
  volume={19},
  pages={153},
  year={2007},
}


@inproceedings{Mintz2009:distant,
  title={Distant supervision for relation extraction without labeled data},
  author={Mintz, Mike and Bills, Steven and Snow, Rion and Jurafsky, Dan},
  booktitle={ACL},
  pages={1003--1011},
  year={2009},

}

@article{Rusu:2016,
  title={Progressive neural networks},
  author={Rusu, Andrei A. and Rabinowitz, Neil C. and Desjardins, Guillaume and Soyer, Hubert and Kirkpatrick, James and Kavukcuoglu, Koray and Pascanu, Razvan and Hadsell, Raia},
  journal={arXiv preprint arXiv:1606.04671},
  year={2016}
}

@inproceedings{lopez:2015,
  title={Unifying distillation and privileged information},
  author={Lopez-Paz, David and Bottou, L{\'e}on and Sch{\"o}lkopf, Bernhard and Vapnik, Vladimir},
  booktitle={ICLR'16},
  year={2016},
  note={arXiv preprint arXiv:1511.03643},
}

@inproceedings{Xiao:2015,
  title={Learning from massive noisy labeled data for image classification},
  author={Xiao, Tong and Xia, Tian and Yang, Yi and Huang, Chang and Wang, Xiaogang},
  booktitle={Proceedings of the IEEE Conference on Computer Vision and Pattern Recognition},
  pages={2691--2699},
  year={2015}
}



@article{Deriu2016:SemEval,
  title={SwissCheese at SemEval-2016 Task 4: Sentiment classification using an ensemble of convolutional neural networks with distant supervision},
  author={Deriu, Jan and Gonzenbach, Maurice and Uzdilli, Fatih and Lucchi, Aurelien and De Luca, Valeria and Jaggi, Martin},
  journal={Proceedings of SemEval},
  pages={1124--1128},
  year={2016}
}


@article{Kiritchenko:2014,
  title={Sentiment analysis of short informal texts},
  author={Kiritchenko, Svetlana and Zhu, Xiaodan and Mohammad, Saif M.},
  journal={Journal of Artificial Intelligence Research},
  volume={50},
  pages={723--762},
  year={2014}
}

@inproceedings{Ororbia:2015,
  title={Learning a deep hybrid model for semi-supervised text classification},
  author={Ororbia II, Alexander G. and Giles, C. Lee and Reitter, David},
  booktitle={Proceedings of the 2015 Conference on Empirical Methods in Natural Language Processing (EMNLP)},
  year={2015}
}
@article{Brodley:1999,
  title={Identifying mislabeled training data},
  author={Brodley, Carla E. and Friedl, Mark A.},
  journal={Journal of artificial intelligence research},
  volume={11},
  pages={131--167},
  year={1999}
}

@article{Go:2009,
  title={Twitter sentiment classification using distant supervision},
  author={Go, Alec and Bhayani, Richa and Huang, Lei},
  journal={CS224N Project Report, Stanford},
  volume={1},
  number={12},
  year={2009}
}

@inproceedings{Andrychowicz:2016,
  title={Learning to learn by gradient descent by gradient descent},
  author={Andrychowicz, Marcin and Denil, Misha and Gomez, Sergio and Hoffman, Matthew W and Pfau, David and Schaul, Tom and de Freitas, Nando},
  booktitle={Advances in Neural Information Processing Systems},
  pages={3981--3989},
  year={2016}
}
@inproceedings{Joachims:2002,
  title={Optimizing search engines using clickthrough data},
  author={Joachims, Thorsten},
  booktitle={Proceedings of the eighth ACM SIGKDD international conference on Knowledge discovery and data mining},
  pages={133--142},
  year={2002},
  organization={ACM}
}

@article{GPflow2017,
   author = {Matthews, Alexander G. de G. and {van der Wilk}, Mark and Nickson, Tom and
	Fujii, Keisuke. and {Boukouvalas}, Alexis and {Le{\'o}n-Villagr{\'a}}, Pablo and
	Ghahramani, Zoubin and Hensman, James},
    title = "{{GP}flow: A {G}aussian process library using {T}ensor{F}low}",
  journal = {Journal of Machine Learning Research},
  year    = {2017},
  volume  = {18},
  number  = {40},
  pages   = {1-6},
}

@inproceedings{Blum:1998,
 author = {Blum, Avrim and Mitchell, Tom},
 title = {Combining Labeled and Unlabeled Data with Co-training},
 booktitle = {Proceedings of the Eleventh Annual Conference on Computational Learning Theory},
 series = {COLT' 98},
 year = {1998},
 pages = {92--100},
} 

@inproceedings{Iosifidis:2017,
 author = {Iosifidis, Vasileios and Ntoutsi, Eirini},
 title = {Large Scale Sentiment Learning with Limited Labels},
 booktitle = {Proceedings of the 23rd ACM SIGKDD International Conference on Knowledge Discovery and Data Mining},
 series = {KDD '17},
 year = {2017},
 pages = {1823--1832},
} 


@inproceedings{Papernot:2016,
  title={Semi-supervised knowledge transfer for deep learning from private training data},
  author={Papernot, Nicolas and Abadi, Mart{\'\i}n and Erlingsson, {\'U}lfar and Goodfellow, Ian and Talwar, Kunal},
  booktitle={ICLR},
  year={2017},
  note={arXiv preprint arXiv:1610.05755},
}

@comment{orwell2003animal, 
title={Animal farm}, 
author={Orwell, George}, 
year={2003}, 
publisher={Penguin UK} 
}

@book{orwell2003animal, 
title={Animal Farm: A Fairy Story}, 
author={Orwell, George}, 
year={1945}, 
publisher={Secker and Warburg, London, England} 
}

@inproceedings{donahue2016adversarial,
  title={Adversarial feature learning},
  author={Donahue, Jeff and Kr{\"a}henb{\"u}hl, Philipp and Darrell, Trevor},
  booktitle={ICLR2017},
  year={2017}
}

@inproceedings{doersch2017multi,
  title={Multi-task Self-Supervised Visual Learning},
  author={Doersch, Carl and Zisserman, Andrew},
  booktitle={cvpr},
  year={2017}
}

@inproceedings{reed2014training,
  title={Training deep neural networks on noisy labels with bootstrapping},
  author={Reed, Scott and Lee, Honglak and Anguelov, Dragomir and Szegedy, Christian and Erhan, Dumitru and Rabinovich, Andrew},
  booktitle={ICLR2015-Workshop},
  year={2015}
}

@inproceedings{malach2017decoupling,
  title={Decoupling" when to update" from" how to update"},
  author={Malach, Eran and Shalev-Shwartz, Shai},
  booktitle={NIPS2017},
  year={2017}
}

@inproceedings{Dehghani:2016:CIKM,
 author = {Dehghani, Mostafa and Azarbonyad, Hosein and Kamps, Jaap and Hiemstra, Djoerd and Marx, Maarten},
 title = {Luhn Revisited: Significant Words Language Models},
 booktitle  = {CIKM '16},
 year = {2016},
} 

@inproceedings{Dehghani2017:CIKM,
  title={Learning to Attend, Copy, and Generate for Session-Based Query Suggestion},
  author={Dehghani, Mostafa and Rothe, Sascha and Alfonseca, Enrique and Fleury, Pascal},
  booktitle={Proceedings of The international Conference on Information and Knowledge Management (CIKM'17)},
  year={2017}
}

@INPROCEEDINGS{Abdul-jaleel:2004,
    author = {Nasreen Abdul-jaleel and James Allan and W. Bruce Croft and O Diaz and Leah Larkey and Xiaoyan Li and Mark D. Smucker and Courtney Wade},
    title = {UMass at TREC 2004: Novelty and HARD},
    booktitle = {TREC-13},
    year = {2004}
}

@article{salton1973specification,
  title={On the specification of term values in automatic indexing},
  author={Salton, Gerard and Yang, Chung-Shu},
  journal={Journal of documentation},
  volume={29},
  number={4},
  pages={351--372},
  year={1973},
}

@inproceedings{kiros2015skip,
  title={Skip-thought vectors},
  author={Kiros, Ryan and Zhu, Yukun and Salakhutdinov, Ruslan R and Zemel, Richard and Urtasun, Raquel and Torralba, Antonio and Fidler, Sanja},
  booktitle={Advances in neural information processing systems},
  pages={3294--3302},
  year={2015}
}

@inproceedings{Wilson:2015:KIS:3045118.3045307,
 author = {Wilson, Andrew Gordon and Nickisch, Hannes},
 title = {Kernel Interpolation for Scalable Structured Gaussian Processes (KISS-GP)},
 booktitle = {Proceedings of the 32Nd International Conference on International Conference on Machine Learning - Volume 37},
 series = {ICML'15},
 year = {2015},
 pages = {1775--1784},
 numpages = {10},

} 

@inproceedings{Finn2017:ICML,
  title={Model-Agnostic Meta-Learning for Fast Adaptation of Deep Networks},
  author={Finn, Chelsea and Abbeel, Pieter and Levine, Sergey},
  booktitle={ICML},
  year={2017}
}

@inproceedings{Ravi:2016,
  title={Optimization as a model for few-shot learning},
  booktitle={ICLR},
  author={Ravi, Sachin and Larochelle, Hugo},
  year={2016}
}

@inproceedings{dehghani:2018:ICLR,
  title={Fidelity-Weighted Learning},
  author={Dehghani, Mostafa and Mehrjou, Arash and Gouws, Stephan and Kamps, Jaap and Sch{\"o}lkopf, Bernhard},
  booktitle={ICLR},
  year={2018}
}

@inproceedings{Kim:2014,
  title={Convolutional neural networks for sentence classification},
  author={Kim, Yoon},
  booktitle={ACL},
  year={2014}
}
7``